2984 4992
336 737 560 822 Praeconinus
591 737 723 822 legatus
753 733 902 802 exercitu
934 734 1032 820 pulso
1068 731 1261 800 interfectus
1291 743 1388 809 esset,

335 849 438 924 atque
473 843 560 907 uude
591 839 716 906 Lucius
751 838 890 907 Mallius,
921 839 1099 924 proconsul
1136 837 1388 920 impedimentis
1487 806 1489 851 ὗ

336 945 469 1010 amissis
499 945 708 1029 profugisset,
738 964 807 1008 non
843 938 1044 1008 mediocrm
1078 942 1146 1007 sibi
1176 941 1387 1024 diligentiam

336 1047 560 1116 amibendam
591 1049 817 1134 intellegebat.
825 1029 982 1148 ‘litaque
1005 1069 1041 1112 re
1067 1046 1283 1112 frumentaria
1311 1065 1415 1128 pro-2

336 1153 416 1233 visa,
440 1153 575 1218 auxiliis
599 1149 817 1240 equitatuqut¹
846 1161 1050 1235 comparato,
1077 1151 1191 1215 multis
1217 1158 1389 1232 praeterea
1487 1160 1488 1225 ᾗ

229 1321 235 1332 ,
336 1257 416 1322 viris
442 1257 583 1322 sortibus
605 1255 730 1322 Tolosa
756 1266 791 1322 et
816 1254 987 1332 Narbone,
1013 1275 1101 1338 quae
1129 1265 1206 1320 sunt
1235 1253 1388 1318 civitates

291 1357 299 1383 ’
338 1360 466 1427 Galliae
489 1361 674 1444 provinciae
699 1359 869 1436 finitimae,
894 1355 955 1448 [ex
979 1360 1031 1424 his
1051 1352 1258 1443 regionibus]
1282 1357 1388 1421 nomi-
1488 1370 1489 1423 l

333 1466 440 1530 natim
455 1465 601 1530 evocatis
617 1465 650 1528 in
671 1464 862 1530 Sontiatum
880 1463 963 1528 sines
982 1465 1167 1528 exercitum
1189 1461 1387 1526 introduitit

335 1568 439 1634 Cuius
460 1571 606 1633 adventu
629 1569 767 1656 cognito
790 1567 959 1634 sontiates
981 1567 1112 1651 magnis
1133 1567 1242 1652 copiis
1262 1551 1413 1632 coactbs

334 1673 561 1756 equitatuque,
582 1691 656 1756 quo
674 1672 854 1756 plurimum
876 1671 1041 1746 valebant,
1065 1672 1099 1735 in
1123 1671 1241 1735 itinere
1267 1689 1387 1754 agmen
1488 1750 1489 1759 ἵ

334 1787 484 1848 nostrum
500 1775 608 1840 adorti
621 1777 766 1859 primurn
783 1785 937 1859 equestre
956 1776 1120 1859 proelium
1138 1775 1386 1847 commiserunt,

335 1881 456 1946 deinde
482 1881 631 1962 equitatu
656 1901 718 1946 suo
743 1881 841 1965 pulso
865 1889 967 1964 atque
993 1880 1246 1964 insequentibus
1267 1879 1414 1945 nostris4

333 1985 445 2050 subito
478 1986 647 2068 pedestres
676 1987 800 2069 copias,
829 2005 913 2069 quas
943 1985 976 2048 in
1006 1983 1157 2049 convalle
1192 1983 1226 2046 in
1260 1983 1388 2047 insidiis
1489 1934 1491 2045 l

333 2088 585 2165 collocaverant,
603 2089 829 2155 ostenderunt.
877 2088 925 2152 Hi
945 2097 1078 2152 nostros
1094 2088 1255 2153 disiectos
1277 2087 1385 2153 adorti

333 2192 497 2278 proelium
513 2203 723 2258 renovarunt.
1489 2222 1490 2285 3

379 2297 567 2382 Pugnatum
582 2305 633 2361 est
648 2296 705 2361 diu
720 2306 825 2380 atque
838 2297 966 2375 acriter,
982 2317 1058 2360 cum
1071 2295 1242 2362 sontiates
1257 2296 1384 2378 superi-
1396 2300 1431 2352 21

332 2400 446 2467 oribus
472 2401 619 2466 victoriis
644 2399 717 2466 freti
750 2401 784 2464 in
811 2421 872 2465 sna
900 2401 1024 2466 virtute
1049 2401 1158 2466 totius
1180 2399 1386 2484 Aquitaniae

333 2505 474 2571 salutern
512 2505 657 2588 positam
695 2515 860 2590 putarent,
897 2505 1003 2571 nostri
1040 2515 1163 2584 autem,
1195 2505 1278 2587 quid
1316 2503 1385 2569 siue
1491 2511 1492 2582 l

334 2611 534 2694 imperatore
570 2619 604 2674 et
641 2608 713 2674 sine
749 2609 885 2692 reliquis
918 2609 1103 2694 legionibus
1135 2608 1385 2675 adulescentulo

335 2715 420 2779 duce
436 2713 565 2778 efficere
580 2725 726 2798 possent,
741 2713 883 2798 perspici
898 2723 1075 2798 cuperent:
1094 2713 1232 2779 tandem
1245 2711 1384 2778 conlecti

336 2818 527 2882 vulneribus
542 2817 655 2883 hostes
666 2827 761 2901 terga
771 2829 907 2883 vertere.
945 2817 1097 2902 Quorum
1110 2837 1234 2904 magno
1248 2835 1410 2882 nurnero²

337 581 395 640 114
681 575 711 627 c.
736 573 832 626 mun
855 573 1046 626 carsnnrs
1283 572 1392 638 [aar.

333 3014 406 3064 ninus
412 3013 511 3077 beyond
517 3013 678 3065 whatisliere
683 3014 834 3065 mentioned.
883 3021 1009 3080 pertnent
1019 3013 1049 3063 oi
1055 3014 1278 3066 loen-Gerousa

333 3079 389 3130 The
400 3079 482 3129 delent
493 3080 523 3128 ol
532 3079 635 3130 Mellius
651 3081 788 3130 'erelemed
806 3087 834 3130 to
918 3084 932 3139 ς
954 3095 976 3130 a.
1001 3083 1144 3130 Narbone.
1184 3081 1240 3131 The
1269 3081 1386 3131 ‘colonie

334 3145 429 3210 pilae.
442 3144 531 3208 during
547 3145 588 3194 the
605 3161 657 3195 war
673 3145 735 3196 with
751 3145 834 3196 Serto-
883 3144 1067 3195 Narbonensis'
1090 3161 1120 3195 or
1141 3145 1232 3210 colony
1250 3146 1279 3195 oi
1297 3147 1385 3197 Narbo

332 3211 391 3262 rius.
425 3211 519 3260 Innod.
531 3227 556 3275 p.
571 3221 609 3274 79.
884 3211 999 3270 Martius,
1018 3227 1071 3260 was
1089 3211 1198 3261 munded
1217 3212 1243 3260 iu
1259 3223 1318 3262 lte.
1339 3213 1384 3261 118

366 3279 528 3336 moeoneul.
557 3275 834 3326 Therewesnooousul
883 3275 961 3326 under
980 3277 1023 3326 the
1042 3276 1164 3327 direction
1180 3277 1211 3326 oi
1224 3277 1267 3326 tbe
1286 3278 1386 3328 Romen

333 3349 359 3394 st
370 3343 420 3393 this
430 3342 517 3406 period
529 3341 558 3391 ol
565 3341 607 3392 the
622 3357 695 3392 neme
705 3341 735 3391 oi
743 3342 835 3392 Lucius
883 3350 967 3392 orator
978 3342 1083 3392 Crassus
1093 3343 1163 3405 (Vel.
1179 3343 1233 3392 Pet.
1250 3344 1268 3393 i.
1283 3358 1314 3408 5:
1332 3344 1385 3394 Cic

333 3407 446 3458 Mallius.
481 3407 529 3456 We
539 3415 604 3457 must
615 3407 736 3457 therefore
747 3408 835 3458 under·
884 3408 954 3458 Brut.
978 3412 992 3466 9
1016 3408 1083 3460 root.
1124 3408 1149 3458 It
1169 3423 1222 3458 was
1243 3409 1386 3460 &avaris

333 3471 834 3538 stand‘proconsul'tobeusedhereioe
883 3473 1387 3538 esurgedby'riberiusNeronhesnher

333 3539 403 3590 losse
412 3538 694 3602 senseiorcprovincial
704 3554 833 3603 governor.
884 3539 913 3589 oi
921 3538 964 3588 the
976 3554 1089 3604 emperor
1099 3539 1215 3588 Tiberius
1233 3540 1314 3604 (Suet.
1328 3541 1383 3591 Tib.

333 3605 438 3654 Mallius
455 3621 483 3653 or
495 3603 606 3654 Manlius
623 3605 644 3653 is
660 3603 741 3653 celled
759 3607 835 3670 ‘pro-
884 3605 920 3666 4).
953 3604 1044 3654 Strabo
1060 3605 1102 3669 (iv.
1117 3618 1139 3665 1,
1154 3610 1167 3664 ς
1186 3604 1228 3666 ra)
1250 3606 1343 3671 speeies
1360 3606 1387 3656 oi

333 3667 435 3720 consul’
447 3670 503 3719 also
513 3670 539 3719 in
551 3669 639 3720 le.E
658 3669 684 3719 lt
696 3685 734 3718 xc.
884 3669 997 3720 itastbe
1009 3671 1385 3735 mostimportautcommercisl

368 3740 422 3795 §a
447 3738 557 3786 rl'oloea.
598 3685 696 3785 Tofose
717 3750 770 3785 wes
790 3735 835 3785 tbe
884 3736 936 3800 city
949 3736 975 3784 iu
987 3735 1063 3785 Gaul.
1096 3737 1120 3784 It
1136 3751 1189 3785 vus
1207 3736 1233 3785 iu
1252 3736 1297 3786 the
1316 3737 1384 3787 terri·

333 3799 402 3850 chief
410 3809 477 3849 town
488 3801 518 3850 oi
526 3801 568 3851 the
579 3801 676 3850 Volcae
684 3801 836 3866 Tectosegee
884 3810 941 3864 tory
949 3801 978 3850 oi
985 3801 1129 3851 theVoloee
1138 3803 1291 3862 Arecomici,
1299 3803 1384 3852 whose

335 3865 423 3931 (Melo,
436 3865 462 3914 ii.
477 3871 489 3924 t
504 3867 555 3930 75).
753 3917 757 3925 ,
884 3866 1165 3932 politieelcepitslwes
1175 3867 1326 3918 Nemausus.

369 3933 537 3980 sontiatum
571 3931 649 3982 Their
660 3947 733 3982 name
747 3931 835 3984 isseid
918 3935 958 3982 ss
979 3938 992 3992 ς
1014 3946 1036 3981 1.
1061 3939 1179 3982 remeo
1214 3933 1326 3999 Perhaps
1341 3935 1383 3984 tlte

333 4002 360 4048 to
379 3997 412 4046 be
431 3997 557 4060 preserved
577 3997 602 4045 lu
626 4013 641 4046 ι
660 3998 732 4062 pleoe
753 3997 835 4048 called
884 3998 983 4048 wenker
1006 3998 1071 4047 form
1095 3999 1125 4047 oi
1147 3999 1190 4048 the
1211 3999 1313 4064 perfect,
1339 4011 1382 4049 not

333 4062 387 4123 Sos,
400 4062 543 4112 south-west
558 4063 587 4112 oi
598 4060 682 4113 Nc'rac
697 4064 722 4112 in
734 4063 777 4113 the
791 4063 834 4113 de·
882 4063 1175 4114 thehistoriciufinitive.
1209 4065 1273 4115 This
1287 4065 1382 4115 formis
