2984 4992
332 478 394 541 288
680 488 709 543 c.
734 489 833 541 rum
855 488 1043 542 mussans
1284 490 1345 557 [rr.
1357 504 1392 540 1-

332 651 432 730 dinci,
461 660 498 718 ut
527 662 615 719 esset
643 652 890 736 impedimentis
919 652 1092 736 praesidio,
1122 672 1198 717 cum
1228 660 1390 735 quattuor

332 755 520 839 legionibus
534 756 703 823 Lutetiam
719 756 946 840 proficiscitur.
994 756 1033 823 ld
1049 766 1100 821 est
1115 757 1278 840 oppidum
1294 756 1387 821 Pari-

332 860 466 936 siorum,
488 863 579 946 quod
602 862 747 943 positum
772 870 824 925 est
846 862 880 926 in
903 861 1010 927 insula
1032 860 1176 925 fluminis
1200 859 1387 944 Sequanae.

336 964 437 1030 Cuius
455 966 601 1029 adventu
621 965 664 1029 ab
683 963 837 1029 hostibus
855 964 991 1048 cognito
1013 984 1154 1050 magnae
1174 985 1219 1029 ex
1235 962 1387 1027 finitimis
1404 985 1415 1018 ι

166 1073 266 1125 Tactioe
277 1072 306 1123 of
333 1068 520 1133 civitatibus
534 1069 651 1153 copiae
664 1078 896 1133 convenenmt.
941 1068 1082 1135 Summa
1098 1068 1227 1153 imperii
1243 1069 1416 1133 traditura

164 1138 283 1271 {fflsp
335 1170 564 1257 Camulogeno
579 1172 735 1252 Aulerco,
750 1172 807 1256 qui
827 1192 932 1255 prope
950 1172 1119 1239 coniectus
1138 1182 1251 1239 aetate
1271 1181 1389 1237 nmen

333 1286 470 1360 propter
490 1276 689 1359 singularem
714 1277 887 1343 scientiam
914 1276 960 1341 rei
988 1276 1137 1341 militaris
1163 1278 1205 1342 ad
1230 1296 1310 1341 eum
1335 1286 1390 1341 eat

332 1382 493 1447 honorem
512 1390 678 1445 evocatus
723 1381 759 1446 ls
780 1401 856 1446 cum
878 1381 1164 1446 animadvertisset
1184 1390 1417 1464 perpetuams

332 1506 406 1551 esse
426 1484 592 1569 paludem,
612 1505 700 1568 quae
721 1484 871 1550 influeret
893 1485 927 1549 in
950 1483 1141 1569 Sequanam
1164 1494 1267 1567 atque
1290 1484 1387 1549 illum

332 1610 468 1657 omnem
490 1589 600 1654 locum
624 1608 827 1672 magnopere
851 1588 1036 1671 impediret,
1054 1588 1110 1653 hic
1131 1589 1283 1655 consedit
1309 1609 1387 1653 nos·

332 1705 469 1776 trosque
482 1694 624 1759 transitu
639 1692 815 1777 prohibere
829 1692 981 1758 instituit.

378 1799 547 1863 Labienus
569 1797 678 1881 primo
698 1797 812 1862 vineas
835 1817 943 1881 agere,
965 1796 1110 1863 cratibus
1136 1807 1239 1879 atque
1261 1817 1387 1882 aggere
1402 1816 1439 1867 58

247 1903 260 1991 ]
334 1902 491 1987 paludem
506 1900 642 1986 explere
655 1909 757 1985 atque
768 1902 829 1965 iter
841 1902 967 1966 munire
977 1901 1169 1967 conabatur.
1201 1902 1387 1985 Postquam
1404 1928 1415 1963 ι

333 2007 367 2073 id
382 2006 545 2071 difficilius
559 2004 691 2071 confieri
706 2005 948 2083 animadvertit,
964 2006 1095 2071 silentio
1116 2026 1135 2069 e
1151 2006 1269 2071 castris
1287 2008 1389 2071 tertia

331 2110 443 2195 vigilia
462 2129 614 2193 egressus
634 2110 846 2192 eodemque
862 2119 1008 2188 venerat,
1023 2110 1139 2174 itinere
1158 2110 1386 2175 Metiosedum

331 2215 490 2298 pervenit.
538 2213 576 2277 ld
592 2221 644 2279 est
661 2214 824 2296 oppidum
842 2210 1011 2280 Senonum
1031 2215 1066 2277 in
1085 2213 1191 2279 insula
1207 2212 1415 2297 Sequanae3

332 2319 488 2404 positum,
505 2327 544 2382 ut
565 2316 667 2401 paulo
682 2324 761 2381 ante
782 2317 824 2381 de
844 2316 979 2383 Lutetia
997 2318 1157 2382 diximus.
1202 2318 1386 2402 Deprensis
1401 2344 1416 2387 4

333 2420 858 2505 navibuscirciterquinquaginta
867 2420 1080 2503 celeriterque
1091 2422 1274 2487 coniunctis
1282 2432 1388 2505 atque

332 2548 374 2593 eo
389 2528 549 2592 militibus
563 2526 689 2591 iniectis
707 2533 742 2589 et
763 2526 808 2589 rei
828 2526 975 2589 novitate
995 2526 1177 2609 perterritis
1196 2526 1386 2611 oppidanis,

331 2652 474 2715 quorum
497 2652 619 2715 magua
640 2650 717 2714 pars
739 2639 811 2695 erat
831 2629 876 2693 ad
898 2628 1023 2693 bellum
1044 2639 1193 2707 evooata,
1211 2632 1283 2694 sine
1305 2650 1385 2695 con·

331 2736 482 2801 tentione
501 2736 628 2819 oppido
650 2732 785 2819 potitur.
830 2732 970 2798 Refecto
989 2743 1100 2815 ponte,
1114 2752 1216 2816 quem
1235 2736 1388 2817 superio-
1403 2758 1416 2807 5

335 2839 426 2905 ribus
452 2839 569 2903 diebus
595 2838 709 2903 hostes
735 2836 945 2917 rescideram,
967 2838 1151 2902 exercitum
1178 2839 1325 2903 traducit
1350 2848 1389 2903 et

239 2964 245 2979 ·
334 2943 481 3009 secundo
495 2942 630 3007 flumine
644 2942 688 3006 ad
703 2942 874 3006 Lutetiam
892 2942 954 3006 iter
968 2940 1077 3007 facere
1090 2941 1210 3024 coepit.
1257 2942 1418 3009 Hostaso
1487 2968 1488 2991 1

238 3066 246 3083 ·
336 3068 372 3113 re
398 3048 534 3129 cognita
563 3047 606 3111 ab
638 3045 685 3121 iis,
715 3045 772 3127 qui
805 3044 992 3109 Metiosedo
1021 3045 1182 3127 fugerant,
1213 3045 1387 3111 Lutetiam

332 3151 464 3217 incendi
479 3159 662 3235 pontesque
676 3148 746 3212 eius
762 3149 878 3233 oppidi
895 3149 1035 3214 rescindi
1056 3148 1188 3229 iubent;
1211 3150 1276 3232 ipsi
1291 3171 1390 3233 prae-

332 3255 438 3339 saepti
469 3252 592 3339 palude
620 3255 664 3319 ad
692 3253 781 3336 ripas
812 3252 989 3337 Sequanae
1018 3274 1038 3318 e
1065 3252 1201 3337 regione
1229 3253 1389 3321 Lutetiae

332 3369 448 3426 contra
464 3357 603 3422 Labieni
619 3366 728 3421 castra
741 3357 927 3422 considunt.

367 3520 625 3581 batnoonsserl.
659 3516 834 3568 Arareionn
883 3516 993 3567 dunnna'
1027 3514 1391 3586 inauyeaseitisagrsed

334 3586 373 3637 ior
389 3586 433 3637 tbe
451 3586 548 3651 passive
567 3584 597 3634 oi
614 3580 750 3635 ‘oeuficio'
785 3584 806 3633 C
883 3582 1066 3634 tbat¹lleluu'
1079 3582 1100 3633 is
1112 3582 1154 3635 the
1165 3582 1239 3649 plane
1249 3596 1346 3639 meant.

334 3652 496 3731 llergqlen.
515 3649 548 3701 ir.
569 3650 631 3702 116:
657 3646 796 3728 SeniusS
824 3674 834 3685 ·
919 3652 1157 3765 ipwulmie·
1192 3652 1307 3736 5Μι.ι

334 3716 834 3842 aestimata.
881 3714 1389 3868 namnetem
1487 3768 1488 3835 r

333 3847 361 3898 iu
382 3846 425 3897 the
449 3846 521 3898 other
541 3862 660 3912 passages
681 3846 762 3896 ubere
784 3844 834 3896 this
883 3848 1038 3963 {perspecta
1062 3860 1092 3897 or
1108 3846 1232 3912 ‘proiecti
1249 3844 1283 3897 a’
1299 3848 1330 3900 oi
1347 3850 1388 3900 the
1487 3884 1488 3887 κ

332 3909 833 3975 ιιιωοοοοιιπωόώοήιεόῐήε)
913 3910 956 3963 SS·
1487 3928 1488 3943 ¹

333 3979 402 4031 there
429 3977 451 4028 ia
477 3976 582 4030 another
607 3976 710 4043 reading
737 3976 835 4028 ‘Melo-
