2984 4992
304 496 366 558 216
652 506 681 559 C.
708 506 806 558 IULII
829 504 1020 560 CAESARIS
1259 510 1314 576 [1⁸.
1326 522 1365 574 5·

305 678 413 745 luunt,
429 676 472 745 et,
486 666 514 733 si
534 668 625 751 quod
645 676 697 734 est
714 668 898 733 admissum
920 666 1098 745 lacinus‚si
1117 668 1239 734 caedes
1260 668 1363 745 iacta,

305 774 332 837 si
368 774 411 838 de
446 772 641 852 hereditate,
669 773 715 837 de
746 771 869 839 finnus
903 773 1129 838 controversia
1163 780 1224 847 eet,
1255 772 1363 837 iidem

137 891 264 945 Peneos
306 880 496 955 decernunt,
518 877 668 959 praemia
690 896 882 961 poenasque
905 878 1135 956 constituunt3
1165 876 1276 959 siqui
1300 886 1393 942 auto

136 974 280 1077 {Jffffiu
307 983 456 1066 pn'vatus
470 990 530 1046 aut
544 980 688 1065 populus
704 1000 819 1046 eornm
833 981 970 1047 decrew
983 1000 1051 1046 non
1071 980 1175 1059 stetit,
1189 980 1364 1047 sacrificiis

306 1086 517 1151 interdicunt.
562 1084 657 1151 Haec
695 1104 806 1168 poena
842 1086 933 1169 apud
970 1104 1027 1149 eos
1064 1094 1117 1150 est
1151 1084 1362 1168 gravissima.

306 1189 439 1274 Quibus
469 1190 516 1255 ita
546 1198 597 1253 est
627 1188 850 1267 interdictum,
875 1188 910 1253 hi
940 1208 1079 1253 nurnero
1108 1188 1288 1272 impiorum
1318 1210 1392 1257 act

305 1293 540 1359 sceleratorum
573 1291 749 1369 habentur,
782 1292 834 1357 his
868 1311 986 1357 omnes
1020 1292 1198 1370 decedunt,
1227 1294 1362 1358 aditum

307 1416 561 1479 sermonemque
580 1396 763 1480 defugiunt,
778 1417 820 1461 ne
842 1396 923 1480 quid
944 1416 989 1460 ex
1011 1397 1212 1481 contagione
1233 1397 1363 1461 incom-

307 1500 399 1566 modi
419 1502 590 1584 accipiant,
607 1522 714 1585 neque
729 1500 782 1565 his
802 1501 993 1585 petentibus
1012 1501 1065 1564 ius
1083 1500 1233 1565 redditur
1252 1522 1364 1585 neque

137 1614 214 1667 Their
221 1612 295 1668 chien
308 1604 413 1669 honos
428 1604 514 1669 ullus
527 1605 802 1671 communicatur.
849 1604 914 1668 His
929 1614 1043 1670 autem
1061 1605 1219 1669 omnibus
1232 1606 1361 1671 druidi·
1378 1620 1394 1667 ε

307 1708 369 1773 bus
386 1718 516 1791 praeest
537 1728 630 1787 unus,
645 1710 701 1793 qui
723 1728 889 1773 summam
912 1709 1073 1774 intereos
1093 1709 1196 1774 habet
1214 1712 1363 1775 auctori·

306 1818 445 1910 tateny
471 1810 549 1876 Hoc
580 1823 712 1879 mortuo
740 1823 812 1890 aut,
838 1812 866 1877 si
895 1815 953 1895 qui
982 1834 1028 1879 ex
1059 1813 1194 1896 reliquis
1223 1812 1394 1883 excellits

307 1914 479 1997 dignitate,
502 1916 660 1994 succedit,
685 1924 754 1995 aut,
778 1917 806 1979 sl
832 1926 910 1981 sunt
933 1916 1045 2000 plures
1071 1936 1178 2000 pares,
1201 1916 1363 1999 sulii-agio

308 2019 472 2098 druidum,
511 2040 761 2103 nonnumquam
802 2021 904 2085 etiam
945 2022 1046 2086 armis
1088 2022 1132 2085 de
1174 2020 1364 2104 principatu

195 2136 201 2149 ·
308 2123 520 2189 contendunt
559 2123 607 2187 Hi
619 2134 711 2189 certo
725 2124 802 2189 anni
813 2134 965 2207 tempore
980 2124 1014 2188 in
1031 2122 1152 2190 finibus
1163 2124 1364 2199 Carnutum,
1380 2155 1412 2191 ιο

138 2203 260 2333 ffi‘g'
308 2247 395 2310 quae
421 2228 513 2311 regio
537 2228 640 2295 totius
663 2228 794 2293 Galliae
818 2228 930 2293 media
951 2228 1103 2307 habetur,
1126 2229 1306 2292 considunt
1327 2230 1363 2293 in

309 2332 383 2397 loco
398 2342 599 2397 consecrato.
646 2330 725 2395 Huc
743 2352 860 2397 omnes
874 2333 1031 2416 undique,
1047 2332 1105 2415 qui
1120 2334 1363 2397 controversias

308 2435 442 2513 habent,
453 2436 655 2502 conveniunt
670 2454 852 2519 eorumque
864 2437 1005 2502 decretis
1021 2436 1218 2519 iudiciisque
1232 2446 1363 2519 parent.

139 2559 217 2611 meir
311 2539 495 2624 Disciplina
518 2540 551 2605 in
576 2540 745 2605 Britannia
769 2550 900 2625 reperta
926 2550 1027 2622 atque
1054 2539 1131 2604 inde
1154 2540 1188 2603 in
1217 2538 1363 2605 Galliam
1381 2562 1408 2597 ιι

138 2622 297 2743 ffiffifmm
309 2644 469 2709 translata
491 2662 564 2709 esse
585 2644 806 2725 existimatur,
823 2654 857 2710 et
879 2663 977 2725 nunc,
992 2643 1049 2727 qni
1071 2642 1265 2725 diligentius
1286 2664 1365 2709 eam
1382 2668 1409 2702 ιι

311 2766 380 2810 rem
409 2766 608 2832 cognoscere
633 2748 760 2829 volunt,
784 2748 981 2832 plerumque
1006 2747 1066 2812 illo
1091 2746 1238 2812 discendi
1262 2766 1366 2813 eausa

309 2850 572 2935 proficiscuntur.

140 2972 218 3024 Their
355 2953 535 3019 Druidesa
554 2952 642 3019 bello
662 2956 780 3020 abesse
799 2966 1001 3022 consuerunt
1019 2974 1127 3038 neque
1147 2954 1275 3020 tributa
1294 2974 1364 3020 una
1376 2970 1418 3023 14

141 3038 280 3105 ΜΨ·
311 3077 387 3124 cum
403 3056 536 3141 reliquis
552 3060 712 3144 pendunt,
729 3056 885 3147 [militiae
899 3056 1125 3148 vacationem]
1143 3060 1364 3142 omniumque

141 3178 279 3295 infredo
311 3182 419 3228 rerum
448 3162 571 3229 habent
597 3164 852 3229 immunitatem.
897 3163 1016 3230 Tantis
1042 3162 1180 3229 excitati
1205 3164 1396 3246 praemiisa

141 3260 226 3312 cipes.

313 3278 347 3333 et
361 3287 423 3331 sua
438 3276 556 3351 sponte
568 3267 665 3331 multi
677 3268 710 3331 in
727 3267 934 3352 disciplinam
949 3268 1148 3333 conveniunt
1159 3278 1194 3332 et
1210 3289 1231 3332 a
1245 3287 1366 3352 paren·

312 3370 401 3439 tibus
422 3370 682 3454 propinquisque
703 3372 888 3435 mittuntur.
934 3370 1099 3455 Magnum
1121 3371 1166 3435 ibi
1186 3391 1397 3439 numerums

312 3494 466 3541 versuum
477 3474 621 3539 ediscere
630 3476 791 3540 dicuntur.
828 3474 946 3557 ltaque
955 3494 1060 3539 annos
1070 3474 1218 3539 nonnulli
1229 3477 1368 3542 vicenos

144 3588 223 3667 Their·
315 3581 348 3645 in
378 3576 552 3663 disciplina
584 3590 789 3663 permanent.
834 3578 953 3661 Neque
983 3578 1031 3643 sas
1064 3598 1136 3643 esse
1170 3578 1367 3645 existimant

143 3654 265 3721 ‘Q'
314 3704 353 3749 ea
375 3683 492 3749 litteris
515 3684 682 3763 mandare,
697 3702 774 3747 curn
796 3684 831 3747 in
853 3681 986 3765 reliquis
1008 3679 1077 3746 iere
1098 3682 1207 3762 rebus,
1220 3683 1366 3765 publicis

313 3786 517 3871 privatisque
533 3788 723 3866 rationibus,
741 3786 877 3853 Graecis
896 3787 1015 3853 litteris
1032 3796 1176 3851 utantur.
1223 3787 1265 3852 ld
1284 3788 1395 3856 mihis

348 3938 398 4000 56.
416 3943 509 3999 siqui.
535 3941 552 3990 i.
563 3938 668 4005 48,§6.
862 3938 1364 4007 uvenoeuoemehpnpssspmdstwenty

346 4010 389 4056 1⁴.
403 4008 415 4065 l
429 4016 452 4067 3.
469 4010 592 4057 mnenon.
625 4006 681 4057 The
696 4007 813 4059 distribu-
861 4022 939 4071 years.
