2984 4992
118 534 146 581 s.
160 527 188 595 5]
347 529 402 581 ns
424 530 548 583 sarno
573 530 741 583 cantico.
795 530 865 587 trs.
895 531 948 583 vn
1111 538 1173 603 253

87 690 282 759 sceleriter
314 690 376 757 sibi
412 690 572 767 Senones,
610 692 760 770 Parisios,
793 694 955 773 Pictones,
993 692 1172 769 Cadurcos,

119 797 284 873 Turonos,
292 795 467 875 Aulercos,
478 795 683 874 Lemovices,
693 796 813 863 Andos
825 797 1038 882 reliquosque
1047 818 1173 875 omnes,

119 900 176 982 qui
194 898 368 967 Oceanum
391 901 570 983 attingunt,
589 902 758 985 adiungit:
782 901 928 969 omnium
946 922 1108 969 consensu
1128 902 1171 967 ad

91 1026 105 1079 7
120 1024 197 1067 eum
212 1004 359 1068 defertur
377 1004 563 1088 imperium.
610 1003 688 1089 Qun
704 1004 820 1071 oblata
839 1015 1005 1090 potestate
1020 1007 1173 1073 omnibus

120 1108 171 1174 his
185 1108 374 1173 civitanbus
387 1108 521 1175 obsides
534 1109 825 1191 imperatcertum
840 1130 1014 1175 numerum
1031 1109 1173 1175 militum

90 1214 164 1280 sad
178 1232 215 1277 se
228 1210 379 1277 celeriter
392 1212 513 1279 adduci
527 1212 640 1292 iubet;
660 1233 827 1279 armorum
843 1224 1007 1295 quantum
1022 1234 1174 1297 quaeque

119 1316 235 1382 civitas
264 1314 358 1381 domi
381 1317 539 1399 quodque
561 1326 642 1383 ante
663 1326 798 1401 tempus
824 1316 955 1393 efficiat,
978 1317 1173 1396 constituit;

89 1419 280 1504 oimprimis
296 1419 459 1502 equitatui
475 1422 597 1486 studet.
628 1420 790 1487 Summae
801 1420 992 1505 diligentiae
1007 1440 1171 1487 summam
1185 1430 1295 1509 seveity
1307 1430 1336 1481 os

119 1523 249 1607 imperii
271 1523 481 1591 severitatem
503 1524 598 1591 addit
606 1544 618 1602 3
650 1524 881 1608 magnitudine
903 1524 1055 1607 supplicii
1075 1524 1172 1589 dubi·
1185 1496 1294 1549 hm*

75 1652 107 1687 10
118 1636 230 1693 tantes
246 1628 347 1711 cogit
390 1628 481 1693 Nam
504 1627 628 1693 maiore
646 1628 826 1693 commisso
843 1626 966 1693 delicto
985 1628 1054 1712 igni
1072 1636 1173 1711 atque

118 1730 274 1795 omnibus
310 1729 487 1799 tormentis
523 1740 628 1807 necat,
663 1731 786 1797 leviore
822 1732 865 1797 de
904 1751 1004 1797 cause
1041 1732 1174 1799 auribus

118 1834 262 1901 desectis
284 1844 343 1899 aut
363 1834 502 1917 singulis
523 1834 652 1900 effossis
672 1834 778 1901 oculis
800 1836 938 1901 domum
960 1836 1111 1909 remittit,
1133 1846 1172 1901 ut

119 1939 187 2002 siut
216 1938 351 2021 reliquis
380 1939 583 2005 documento
611 1948 646 2005 et
675 1938 904 2024 magnitudine
941 1959 1069 2023 poenae
1098 1960 1171 2023 per-

119 2050 266 2107 terreant
287 2042 380 2107 ulios.

86 2162 107 2215 ὁ
166 2144 230 2209 His
258 2144 428 2229 suppliciis
463 2144 613 2210 celeriter
646 2154 765 2212 coacto
793 2146 942 2211 exercitu
980 2146 1171 2212 Lucterium
1185 2151 1316 2217 vercinge-

122 2248 320 2324 Cadurcum,
357 2269 509 2315 summae
544 2249 714 2315 hominem
757 2250 925 2327 audaciae,
962 2270 1038 2315 cum
1077 2261 1173 2334 parte
1184 2218 1332 2335 {35¹0}ssss

120 2352 289 2435 copiarum
326 2352 359 2419 in
389 2354 543 2418 Rutenos
571 2353 674 2417 mittit
686 2374 695 2431 ;
731 2352 804 2438 ipse
835 2354 868 2418 in
899 2354 1066 2437 Bituriges
1094 2373 1171 2437 pro·
1184 2350 1335 2415 agnusue

92 2456 282 2523 oficiscitur.
328 2457 410 2523 Eius
431 2457 577 2523 adventu
605 2457 769 2540 Bituriges
791 2458 835 2522 ad
859 2457 1005 2531 Aeduos,
1029 2478 1170 2541 quorum
1183 2414 1340 2530 ffiffigenllf-ann

120 2570 214 2625 erant
235 2562 269 2627 in
295 2560 371 2638 fide,
392 2561 523 2646 legatos
547 2562 685 2626 mittunt
711 2560 895 2626 subsidium
918 2571 1081 2645 rogatum,
1104 2582 1171 2645 quo
1183 2546 1280 2661 {iffi
1292 2544 1334 2673 1¹3⁶

90 2664 248 2734 ssacilius
262 2664 408 2731 hostium
421 2665 535 2749 copias
548 2665 709 2731 sustinere
723 2665 862 2748 possint.
905 2664 1018 2730 Aedui
1034 2666 1078 2731 de
1092 2685 1169 2731 con·
1182 2676 1248 2755 nto,
1260 2626 1316 2727 ffi-

118 2767 193 2832 silio
217 2769 413 2853 legatorum,
439 2790 523 2853 quos
548 2768 670 2835 Caesar
698 2770 743 2833 ad
769 2768 952 2833 exercitum
983 2769 1168 2853 reliquerat,
1182 2752 1268 2858 iffi
1280 2809 1339 2875 help

118 2874 233 2955 copias
254 2873 421 2955 equitatus
442 2874 676 2958 peditatusque
698 2871 846 2937 subsidio
867 2871 1070 2957 Biturigibus
1093 2876 1168 2945 ntit-
1180 2874 1310 2953 nancte·

88 2986 205 3051 stunt
258 2976 326 3059 Qui
356 2998 433 3041 curu
461 2978 505 3044 ad
534 2976 658 3042 flumen
695 2976 843 3061 Ligerim
872 2978 1048 3057 venissent,
1077 2980 1169 3061 quod
1180 2939 1328 3056 ffiuqom

116 3081 286 3163 Bituriges
300 3081 344 3146 ab
360 3081 488 3148 Aeduis
503 3081 632 3160 dividit,
642 3100 766 3164 paucos
781 3080 852 3145 dies
867 3080 914 3145 ibi
929 3083 1046 3146 morati
1062 3101 1169 3166 neque

119 3184 244 3249 flumen
256 3186 394 3249 transire
405 3186 477 3250 ausi
486 3185 623 3250 domum
635 3193 842 3248 revertuntur
857 3184 1038 3268 legatisque
1049 3186 1169 3251 nostris

88 3308 104 3359 5
118 3288 318 3368 renuntiant,
332 3308 369 3352 se
383 3288 571 3374 Biturigum
583 3286 757 3371 perfidiam
771 3288 893 3357 veritos
907 3290 1087 3366 revertisse,
1096 3288 1168 3372 qui-

119 3394 182 3457 bus
201 3392 235 3457 id
255 3391 382 3457 consilii
402 3392 503 3457 luisse
524 3392 750 3475 cognoverint,
772 3401 818 3467 ut,
837 3392 864 3457 si
886 3391 1010 3458 flumen
1033 3392 1168 3457 transis·

118 3505 203 3572 sent,
218 3516 286 3561 una
300 3517 346 3563 ex
360 3506 455 3581 parte
468 3496 541 3580 ipsi,
554 3494 661 3561 altera
674 3494 817 3561 Arverm
832 3516 867 3561 se
882 3496 1168 3563 circumsisterent.

117 3711 199 3760 above
232 3709 480 3774 punget-‘neque
509 3723 550 3758 em
568 3706 618 3759 lius
703 3704 762 3766 to.
791 3708 940 3757 Morosa.
985 3704 1090 3765 Cohors,
1125 3706 1169 3759 the

117 3775 191 3827 milis
215 3789 334 3840 pssum
359 3784 390 3823 vt
415 3784 495 3824 teme
516 3774 618 3850 Ariose
668 3770 737 3823 chief
745 3780 814 3823 town
824 3771 1105 3850 oitbedepartmentoi
1110 3772 1168 3823 Lot.

118 3855 221 3907 quoquo
237 3854 321 3890 versus
336 3836 491 3917 tmebont,'‘
527 3905 534 3918 ι
572 3838 616 3888 dud
701 3840 874 3889 aaronem.
919 3837 1045 3903 Limoges.
1072 3851 1098 3887 rn
1125 3838 1169 3889 the

117 4040 180 4103 (you
190 4034 242 4087 like
251 4042 280 4087 to
290 4050 401 4087 mensure
411 4033 459 4099 rt).'
668 4033 708 4099 56,
722 4039 735 4095 ς
748 4032 922 4100 4‘L1gerem¹
