2984 4992
322 509 384 571 214
669 500 700 553 c.
725 500 825 552 wan
847 498 1037 551 cassurus
1279 500 1331 566 [η
1349 514 1382 551 ,-

157 678 308 734 cormar-
321 662 479 730 difierant
497 661 562 727 hae
582 660 734 727 nationes
756 660 843 727 inter
864 680 947 741 sese,
966 680 1161 746 proponere.
1208 662 1249 725 In
1266 660 1406 728 Gallia2

322 788 388 833 non
403 767 511 833 solum
527 768 561 831 in
576 766 730 833 omnibus
741 766 933 832 civitatibus
944 774 1046 848 atque
1059 765 1094 829 in
1107 765 1267 830 omnibus
1280 768 1379 850 pagis

164 835 187 880 1'
200 834 294 947 fflj
325 864 581 960 [partibusque],
612 871 672 934 sed
707 890 815 954 paene
848 870 950 935 etiam
983 870 1018 933 in
1052 869 1190 952 singulis
1219 871 1379 934 domibus

186 744 276 791 11-28.

156 988 272 1037 rainois
285 988 310 1036 in
324 976 483 1041 sactiones
509 984 597 1052 sunt,
620 992 801 1057 earumque
824 972 1007 1039 factionum
1030 973 1197 1057 principes
1217 984 1299 1038 sunt
1320 976 1406 1057 quis

155 1052 231 1103 0²³¹·
324 1100 489 1145 summam
506 1077 739 1144 auctoritatem
758 1097 873 1142 eorum
894 1076 1019 1143 iudicio
1036 1076 1161 1141 habere
1179 1078 1379 1143 existiman·

323 1194 386 1263 tur,
405 1203 545 1267 quorum
568 1182 611 1247 ad
634 1182 805 1247 arbitrium
828 1180 1052 1265 iudiciumque
1073 1201 1205 1246 summa
1223 1182 1377 1246 omnium

323 1307 432 1353 rerum
465 1286 745 1368 consiliorumque
774 1286 901 1351 redeat.
946 1284 1067 1368 Itaque
1095 1286 1168 1351 eius
1197 1286 1243 1349 rei
1275 1302 1404 1350 causat

322 1390 504 1475 antiquitus
525 1390 714 1455 institutum
737 1389 878 1468 videtur,
901 1408 942 1453 ne
964 1390 1039 1473 quis
1062 1409 1108 1453 ex
1134 1387 1234 1473 plebe
1259 1400 1378 1455 contra

322 1495 544 1579 potentiorem
564 1490 681 1557 auxilii
703 1501 834 1576 egeret:
857 1512 936 1557 suos
955 1492 1045 1557 enim
1066 1493 1208 1577 quisque
1227 1494 1376 1578 opprimi

322 1609 356 1665 et
371 1596 599 1664 circumveniri
618 1617 684 1663 non
704 1598 842 1682 patitur,
857 1616 976 1680 neque,
991 1596 1087 1661 aliter
1101 1596 1129 1661 si
1144 1596 1255 1671 iaciat,
1270 1596 1375 1661 ullam

322 1702 408 1768 inter
430 1723 507 1767 suos
529 1700 632 1766 habet
658 1702 904 1767 auctoritatem.
949 1699 1045 1765 Haec
1068 1701 1186 1765 eadem
1212 1701 1300 1765 ratio
1324 1712 1402 1768 ests

321 1807 357 1869 in
380 1826 512 1871 summa
537 1806 641 1871 totius
665 1803 818 1881 Galliae;
848 1822 995 1886 namque
1018 1824 1136 1870 omnes
1160 1804 1316 1869 civitates
1340 1806 1375 1869 in

323 1918 435 1992 partes
457 1908 582 1973 divisae
603 1916 682 1973 sunt
704 1909 796 1974 duas.
1483 1975 1484 1992 ,

152 2016 282 2093 Politietl,
367 2011 453 2077 Cum
492 2009 616 2077 Caesar
654 2011 688 2075 in
727 2011 873 2077 Galliam
907 2012 1008 2090 venit,
1044 2010 1178 2077 alterius
1218 2010 1422 2079 factionisltt

153 2088 300 2197 &spionia
322 2116 488 2201 principes
513 2124 608 2181 erant
632 2115 756 2191 Aedui,
778 2114 914 2181 alterius
938 2114 1093 2199 Sequani.
1139 2115 1186 2179 Hi
1213 2134 1291 2181 cum
1316 2137 1400 2199 pera

153 2212 288 2327 &4⁵:2¹0
323 2240 359 2285 se
375 2220 483 2286 minus
495 2220 650 2298 valerent,
661 2220 753 2303 quod
768 2240 900 2285 summa
910 2220 1090 2285 auctoritas
1103 2219 1287 2301 antiquitus
1302 2230 1375 2285 erat

152 2343 249 2402 arrival,
322 2326 355 2387 in
372 2323 503 2389 Aeduis
518 2344 727 2409 magnaeque
741 2344 858 2388 eorum
874 2334 968 2389 erant
986 2322 1168 2401 clientelae,
1183 2322 1374 2388 Germanos

320 2438 424 2513 atque
437 2427 646 2494 Ariovistum
662 2428 726 2493 sibi
745 2427 969 2493 adiunxerant
987 2445 1112 2511 eosque
1128 2428 1171 2492 ad
1190 2447 1228 2491 se
1243 2428 1373 2510 magnis

320 2532 453 2597 iacturis
473 2532 836 2617 pollicitationibusque
857 2532 1093 2615 perduxerant
1139 2531 1276 2596 Proeliis
1293 2554 1400 2604 veroa

320 2635 546 2719 compluribus
562 2634 658 2702 factis
670 2636 824 2701 secundis
835 2644 937 2720 atque
948 2636 1040 2701 omni
1050 2636 1223 2702 nobilitate
1231 2636 1374 2702 Aeduo-

321 2760 393 2805 rum
405 2737 578 2806 interfecta
589 2748 721 2805 tantum
737 2740 890 2823 potentia
900 2749 1156 2820 antecesserant,
1167 2750 1204 2806 ut
1213 2760 1372 2825 magnam
1386 2761 1402 2808 4

320 2852 450 2928 partem
468 2842 640 2909 clientium
659 2843 703 2909 ab
717 2842 850 2909 Aeduis
868 2844 910 2909 ad
931 2864 970 2909 se
988 2845 1203 2911 traducerent
1222 2844 1373 2910 obsides

319 2967 385 3031 que
404 2948 450 3013 ab
469 2948 509 3012 iis
529 2948 717 3032 principum
740 2946 827 3011 filios
847 2947 1034 3029 acciperent
1053 2959 1089 3013 et
1110 2948 1243 3032 publice
1264 2948 1374 3013 iurare

320 3061 476 3136 cogerent
504 3050 585 3115 nihil
610 3072 647 3117 se
673 3061 791 3116 contra
815 3049 990 3134 Sequanos
1014 3052 1141 3117 consilii
1166 3052 1314 3128 inituros,
1340 3062 1373 3117 et

320 3165 450 3239 partem
483 3152 614 3219 finitimi
643 3154 715 3239 agri
749 3176 810 3240 per
838 3155 906 3220 vim
935 3165 1132 3238 occupatam
1163 3156 1374 3239 possiderent
1482 3197 1483 3204 κ

321 3257 515 3342 Galliaeque
532 3258 635 3324 totius
652 3259 877 3344 principatum
897 3258 1096 3324 obtinerent.
1137 3258 1214 3343 Qua
1229 3262 1400 3328 necessi-⁵

320 3373 391 3429 tate
412 3362 576 3429 adductus
600 3362 786 3428 Divitiacus
807 3361 923 3427 auxilii
946 3364 1083 3447 petendi
1103 3383 1204 3427 causa
1225 3364 1373 3430 Romam
1482 3367 1483 3418 l

157 3484 191 3545 p)
205 3484 268 3534 atter
279 3483 305 3535 ie
321 3468 364 3532 ad
380 3476 533 3533 senatum
554 3466 722 3550 profectus
741 3467 935 3552 imperfecta
956 3487 992 3531 re
1014 3468 1165 3532 redierat.
1209 3466 1400 3533 Adventu⁶

323 3570 474 3637 Caesaris
500 3570 588 3637 sacta
614 3571 877 3636 commutatione
904 3590 1022 3649 rerum,
1046 3569 1218 3637 obsidibus
1245 3571 1374 3635 Aeduis
1482 3559 1483 3654 l

322 3674 468 3752 redditis,
495 3674 661 3740 veteribus
691 3674 852 3739 clientelis
881 3676 1051 3750 restitutis,
1082 3675 1179 3740 novis
1204 3695 1264 3759 per
1291 3675 1373 3740 Cae·

321 3796 429 3841 sarem
453 3780 662 3863 comparatis,
676 3779 769 3863 quod
791 3778 836 3859 hi,
850 3780 908 3862 qui
928 3800 965 3843 se
985 3780 1029 3844 ad
1051 3798 1166 3843 eorum
1188 3780 1371 3843 amicitiam

320 3892 590 3965 aggregaverant,
601 3882 735 3948 meliore
744 3882 941 3947 condicione
950 3891 1053 3966 atque
1062 3882 1220 3966 aequiore
1231 3882 1371 3965 imperio

598 4005 640 4053 12.
654 4006 666 4063 ς
681 4014 702 4052 ι.
719 4003 861 4054 monh.
894 4001 971 4068 Cpl.
984 4006 1087 4066 anii-
