2984 4992
123 576 169 625 ss.
183 572 210 639 ι]
374 571 427 623 or
449 572 574 624 nstro
599 572 769 625 onrrrco.
812 574 884 625 trs.
914 575 940 624 ν
1117 583 1175 645 177

123 737 171 801 ibi
198 757 356 803 numerus
382 737 510 821 pecoris
539 747 699 821 repertus,
729 735 893 820 multique
925 738 959 802 in
988 735 1067 822 iuga
1096 749 1174 805 sunt

122 841 354 924 comprehensi
376 850 478 925 atque
501 840 674 907 interiecti.

57 953 105 1010 22
169 945 260 1009 Dum
285 945 401 1011 haec
391 967 425 1011 m
450 945 501 1011 his
526 944 608 1011 locis
638 953 807 1029 gemntur,
834 944 1100 1013 Cassivellaunus
1128 948 1173 1013 ad
1186 958 1324 1010 Aestuet

124 1048 292 1128 Cantium,
317 1049 409 1133 quod
439 1068 511 1115 esse
539 1049 584 1113 ad
617 1070 708 1114 mare
737 1068 839 1133 supra
867 1049 1174 1131 demonstravimus,
1185 1024 1343 1154 {2¹:¹1sz

123 1154 245 1235 quibus
266 1153 457 1236 regionibus
471 1160 630 1237 quattuor
651 1172 744 1237 reges
768 1162 951 1236 praeerant,
967 1151 1271 1237 cingetorinfosset

125 1255 299 1335 Carvilius,
321 1256 575 1341 Taximagulus,
595 1254 765 1339 Segovax,
785 1257 921 1321 nuntios
947 1257 1050 1322 mittit
1073 1267 1175 1340 atque

123 1360 200 1425 his'
191 1369 343 1444 imperat,
357 1362 407 1425 uti
424 1361 548 1425 coactis
567 1360 723 1423 omnibus
742 1360 847 1443 copiis
866 1370 973 1425 castra
990 1354 1119 1425 navnlia
1133 1362 1176 1427 de

92 1465 307 1548 ²improviso
323 1444 551 1553 &oriantur
551 1472 663 1547 atque
692 1472 897 1550 oppugnent
954 1464 982 1527 li
1019 1484 1096 1528 cum
1133 1465 1177 1530 ad

124 1578 234 1633 castra
262 1568 437 1645 venissent,
463 1567 565 1633 nostri
596 1567 772 1660 eruptione
800 1567 890 1633 lacta
918 1568 1033 1632 multis
1063 1588 1177 1632 eorum

124 1672 312 1751 interiectis,
342 1680 442 1754 capto
471 1672 574 1736 etiam
605 1670 708 1735 nobili
738 1670 825 1735 duce
854 1671 1062 1754 Lugotorige
1097 1692 1177 1737 suos

93 1774 307 1841 sincolumes
326 1776 537 1840 reduxerunt.
584 1774 851 1840 Cassivellaunus
868 1772 933 1839 hoc
953 1776 1078 1859 proelio
1092 1796 1176 1840 nun·
1189 1787 1336 1837 Paoeeou-

124 1881 219 1957 tiato,
240 1889 293 1945 ιοι
314 1855 520 1944 detrimentis
542 1880 695 1961 acceptis,
717 1880 857 1944 vastatis
878 1878 1006 1959 finibus,
1029 1851 1347 1969 ιιιιιιιῐιιιο*ἐξξῖξξῖζῖἰώ

124 1984 227 2047 etiam
251 1992 422 2065 permotus
444 1980 632 2047 deiectione
651 1982 835 2059 civitatum,
850 1982 979 2067 legatos
1001 2004 1061 2068 per
1076 1984 1177 2048 Atre·
1188 1983 1284 2035 nunus

125 2086 241 2151 batem
272 2085 462 2153 Commium
496 2086 539 2151 de
571 2086 739 2152 deditione
776 2086 820 2151 ad
853 2084 1031 2152 Caesarem
1066 2088 1177 2153 mittit

93 2201 113 2249 4
130 2188 261 2265 Caesar,
277 2210 352 2255 curn
375 2176 604 2278 constituisset]
618 2176 765 2271 hiemare
787 2190 822 2253 in
840 2189 1021 2255 continenti
1042 2200 1180 2274 propter

127 2294 316 2377 repentinos
332 2292 460 2359 Galliae
484 2287 728 2376 motus¹'neque
746 2292 890 2357 multum
909 2294 1047 2359 aestatis
1063 2314 1178 2377 super·

126 2409 223 2480 esset,
242 2407 345 2480 atque
365 2397 399 2461 id
421 2397 516 2461 facile
538 2396 668 2461 extrahi
690 2416 789 2481 posse
811 2396 1028 2480 intellegeret,
1045 2397 1179 2461 obsides

126 2504 269 2586 imperat
294 2510 337 2579 et,
364 2500 483 2582 quid
475 2518 509 2564 tn
539 2520 643 2563 annos
670 2501 819 2585 singulos
831 2486 1028 2598 brectigalis
1052 2499 1179 2583 populo

93 2615 111 2665 5
128 2606 284 2671 Romano
301 2604 483 2668 Britannia
492 2592 660 2686 penderet,
675 2604 871 2682 constituit;
897 2590 1064 2669 interdicit
1078 2608 1180 2686 atque

126 2710 271 2793 imperat
288 2706 543 2785 Cassiuellauno,
558 2726 601 2769 ne
623 2691 866 2773 Mandubracio
889 2726 954 2771 neu
968 2706 1179 2781 Trinobanti-

125 2812 190 2878 bus
204 2820 333 2877 noceat.

66 2926 112 2981 28
172 2914 356 2992 Obsidibus
378 2914 528 3001 acceptis¹
545 2914 728 2999 exercitum
752 2913 884 3000 reducit
902 2914 946 2979 ad
962 2934 1063 2992 mare,
1077 2936 1178 2980 naves
1191 2934 1287 2986 Rerum
1297 2942 1326 2985 to

95 3022 254 3086 ²invenit
283 3018 432 3085 reiectas.
490 3017 556 3083 His
592 3018 754 3096 deductis,
784 3017 876 3100 quod
906 3028 941 3083 et
970 3020 1177 3103 captivorum
1190 3001 1265 3053 ω

159 3210 205 3257 22.
218 3211 268 3265 ιι.
285 3218 379 3264 snpra.
407 3216 443 3268 ι4,
458 3206 508 3262 51.
680 3200 740 3253 Κιι.
751 3202 819 3253 Nor.
831 3202 933 3263 litteras,
945 3204 1016 3254 datu
1032 3219 1049 3253 ι
1064 3203 1180 3255 litoribus

160 3271 547 3331 delmprovlsoedorlcntur
565 3266 628 3317 'lbls
679 3268 1113 3321 BritrunhesdviKnLOctobr.
1121 3282 1180 3320 cou-

125 3338 149 3391 is
162 3339 187 3387 iu
201 3336 352 3387 socordnnce
368 3334 431 3383 with
447 3335 490 3384 the
525 3334 628 3398 riuciple
678 3334 743 3384 secta
763 3334 897 3397 Britannia,
916 3335 1045 3386 obsidibus
1061 3335 1180 3399 receptis,

125 3404 182 3455 isid
203 3402 332 3465 dowuby
352 3402 475 3459 Donatus,
492 3350 574 3449 triat‘
567 3400 627 3463 ὐς
678 3397 749 3449 nulls
759 3400 859 3463 praede,
872 3400 995 3465 imperata
1007 3406 1090 3449 temen
1089 3413 1180 3525 mn

125 3468 215 3556 gredi'
230 3402 332 3518 refersby
320 3472 349 3516 ιο
365 3480 396 3515 sn
412 3480 476 3529 open
490 3465 559 3514 aud‘
567 3464 628 3513 ado·
678 3465 1068 3529 ninerercitntritsnnisrepo
1067 3472 1088 3513 rt

125 3534 190 3585 riri’
218 3540 246 3583 to
272 3548 287 3581 ι
315 3537 393 3581 secret
421 3530 516 3581 nttsclr.
558 3530 628 3595 (Αε-
679 3479 1180 3617 Q.Piliuseratismsdcaessrempro-

126 3598 257 3675 grsdimnr
274 3598 306 3649 de
324 3596 429 3661 longinq
430 3610 480 3656 no;
502 3593 628 3645 adorimur
677 3594 772 3645 teetm’

125 3682 157 3717 ex
185 3664 281 3713 insidiis
307 3670 332 3713 et
361 3677 391 3712 ex
414 3660 627 3726 prostituuntur
713 3664 763 3725 55.
780 3662 928 3711 interdicit
945 3665 1033 3719 ιιοιιο
1049 3663 1177 3719 innuet

125 3730 221 3781 adoriri
237 3736 276 3779 est
290 3726 361 3817 qnasi
379 3727 412 3776 ad
430 3726 540 3791 aliquem
559 3726 627 3788 oriri,
679 3726 727 3791 Cp.
721 3726 781 3812 ι58,
795 3729 861 3789 54ι
870 3724 992 3791 ριιοοιριι
1012 3732 1086 3791 atque
1104 3725 1180 3776 inter·

125 3796 175 3847 ie.
187 3792 333 3859 exsurgere.
678 3791 746 3842 dicit.
788 3790 819 3840 In
837 3791 900 3841 both
917 3806 987 3841 enses
1004 3790 1047 3841 the
1063 3792 1180 3857 monning

161 3868 212 3925 54.
230 3864 348 3919 quid..
366 3860 541 3907 jussurus
559 3870 628 3916 peu·
679 3856 701 3907 is
724 3855 767 3906 the
789 3872 891 3907 ume-
891 3856 951 3906 ‘He
974 3872 1038 3922 gave
1059 3859 1179 3922 stringent

125 3932 215 3977 deret
256 3926 346 3976 Cicero
371 3925 453 3973 writer
480 3930 508 3973 to
529 3922 630 3973 Atticm
680 3920 764 3972 orders
773 3918 844 3972 '-lte
854 3922 1179 3987 bodeooethingrndlor·

124 3988 629 4120 sustentemus
678 3986 943 4054 nm...

170 4138 215 4181 ἢ
643 4148 670 4201 Ν
