2984 4992
114 1964 169 2038 The
183 1963 268 2012 Adus-

112 2041 262 2170 lhgmselves

113 2176 148 2224 np
159 2175 184 2208 sn
196 2175 212 2208 a

113 2223 266 2289 stronghold.

280 555 321 618 90
628 545 656 598 c.
681 545 778 596 1ua11
801 543 990 597 caesam
1229 543 1287 608 [aa
1303 557 1336 594 1-

281 711 391 794 pueris
416 709 675 791 mulieribusque
699 709 732 772 in
756 707 921 773 aestuaria
943 725 983 772 ac
1005 704 1145 788 paludes
1166 705 1335 770 coniectos

281 814 481 892 dixeramus,
511 813 573 880 hac
605 833 719 897 pugna
749 813 910 889 nuntiata,
936 829 1013 874 cum
1043 810 1221 876 victoribus
1249 809 1335 874 nihil

282 918 490 1002 impeditum,
505 917 601 982 victis
616 915 698 981 nihil
712 925 824 980 tutum
840 915 1086 992 arbitrarentur,
1101 915 1260 991 omnium,
1274 914 1334 995 qui
1349 933 1365 966 ²

281 1030 485 1104 supererant,
515 1041 675 1086 consensu
715 1019 844 1102 legatos
878 1019 924 1084 ad
957 1017 1134 1083 Caesarem
1171 1019 1334 1082 misemut

281 1145 384 1206 seque
421 1125 453 1190 ei
489 1125 688 1190 dediderunt
726 1134 761 1189 et
797 1124 832 1188 in
865 1122 1160 1190 commemoranda
1189 1122 1334 1186 civitatis

280 1229 470 1295 calamitate
492 1249 536 1292 ex
558 1227 725 1292 sexcentis
747 1228 791 1292 ad
814 1237 883 1292 tres
905 1235 1084 1302 senatores,
1098 1246 1144 1291 ex
1159 1225 1334 1290 hominum

282 1333 416 1398 milibus
438 1346 488 1396 Lx
510 1333 569 1396 vix
592 1334 636 1397 ad
659 1333 871 1414 quingentos,
886 1331 944 1412 qui
967 1350 1060 1394 arma
1078 1329 1164 1394 serre
1185 1340 1364 1412 possenna

281 1457 352 1502 sese
368 1437 522 1502 redactos
536 1455 609 1500 esse
624 1435 790 1500 dixerunt.
833 1434 929 1518 Quos
945 1434 1077 1508 Caesar,
1093 1443 1130 1499 ut
1146 1433 1181 1498 in
1195 1434 1334 1498 miseros

280 1559 320 1604 ac
342 1540 507 1624 supplices
530 1559 608 1604 usus
632 1539 858 1604 misericordia
877 1537 1054 1616 nonam,
1078 1537 1334 1620 diligentissime

280 1644 487 1709 conservavit
508 1645 644 1725 suisque
670 1641 792 1708 finibus
813 1652 916 1724 atque
937 1641 1071 1725 oppidis
1095 1641 1145 1705 uti
1171 1641 1275 1719 iussit,
1296 1652 1334 1706 et

282 1746 431 1812 finitimis
446 1747 631 1830 imperavit,
647 1755 684 1812 ut
698 1747 742 1812 ab
763 1745 884 1811 iniuria
901 1755 935 1811 et
951 1744 1112 1811 maleficio
1133 1765 1171 1809 se
1187 1763 1334 1827 suosque

280 1851 500 1934 prohiberent.
825 1929 830 1940 .

324 1954 505 2033 Aduatuci,
521 1955 565 2019 de
589 1954 710 2036 quibus
731 1974 833 2037 supra
853 1953 1056 2036 scripsimus,
1076 1971 1154 2018 cum
1176 1952 1333 2017 omnibus
1346 1958 1393 2013 29
1488 2012 1489 2025 ,

206 2034 233 2078 Μ
282 2059 383 2143 copiis
405 2057 531 2123 auxilio
555 2057 687 2122 Nerviis
708 2060 868 2132 venirent,
890 2058 953 2122 hac
975 2076 1089 2140 pugna
1110 2057 1263 2121 nuntiata
1287 2077 1334 2120 ex

280 2164 395 2229 itinere
409 2164 548 2227 domum
569 2171 793 2238 reverterunt3
822 2160 951 2226 cunctis
967 2160 1102 2243 oppidis
1121 2160 1334 2242 castellisque
1348 2181 1362 2215 2

279 2265 418 2334 desertis
444 2287 505 2330 sua
528 2266 641 2332 omnia
667 2265 701 2329 in
727 2284 832 2328 unum
863 2265 1027 2348 oppidum
1055 2265 1188 2349 egregie
1212 2273 1332 2330 natura

280 2370 444 2436 munitum
470 2369 691 2434 contulerunt.
736 2368 839 2452 Quod
861 2388 938 2432 cum
964 2389 1010 2433 ex
1035 2367 1192 2434 omnibus
1213 2368 1248 2432 in
1269 2368 1362 2433 cir-a

279 2477 370 2540 cuitu
386 2475 538 2557 partibus
552 2474 731 2540 altissimas
750 2493 850 2556 rupes
864 2473 1081 2553 deiectusque
1101 2471 1248 2550 haberet,
1264 2491 1333 2536 una

281 2601 324 2645 ex
358 2589 453 2662 parte
485 2579 603 2643 leniter
639 2576 772 2642 acclivis
804 2577 916 2641 aditus
949 2577 985 2640 in
1017 2575 1229 2640 latitudinem
1261 2597 1331 2641 non

280 2679 423 2762 amplius
438 2679 658 2744 ducentorum
674 2677 799 2761 pedum
814 2676 1082 2758 relinquebatur;
1103 2695 1204 2757 quern
1219 2675 1332 2741 locum

281 2782 404 2866 duplici
427 2782 591 2846 altissimo
614 2801 710 2848 muro
732 2781 938 2857 munierant;
959 2791 1033 2846 tum
1048 2781 1161 2865 magni
1175 2782 1333 2864 ponderis

313 2933 357 2979 28.
383 2934 395 2990 5
419 2942 440 2978 1.
459 2931 629 2980 dixemus.
664 2929 703 2993 16,
725 2930 784 2993 14.
825 2929 889 2978 their
915 2928 1074 2979 transcribas
1100 2927 1164 2979 have
1190 2929 1267 2979 erred.
1308 2930 1336 2981 It

281 2996 652 3056 Forthetenseseeii.r‚§1.
824 2993 1335 3060 shouldbeobservedthatcsessrgives

315 3063 784 3122 §assumentium-endo.
825 3059 1336 3113 thenumbenontbeinithoithere·

281 3126 399 3177 Plutarch
422 3123 505 3188 (esa.
525 3131 576 3185 so).
597 3125 674 3176 while
715 3126 785 3190 ''g
825 3127 1004 3191 presentatiom
1025 3125 1099 3176 made
1126 3127 1160 3191 by
1181 3126 1224 3177 the
1244 3126 1336 3176 Nervii

281 3191 392 3244 Csessr's
402 3197 534 3241 statement
547 3190 577 3241 oi
587 3190 630 3241 the
641 3207 700 3240 num
759 3189 788 3240 oi
825 3191 979 3242 themselves
1013 3190 1092 3241 Their
1112 3207 1169 3242 case
1188 3191 1265 3243 oonld
1287 3201 1336 3243 not

281 3260 324 3308 the
334 3257 405 3316 slsin,
417 3257 503 3308 makes
518 3255 561 3308 the
577 3255 624 3306 lull
641 3256 745 3306 number
758 3255 789 3305 ol
825 3257 889 3307 bsue
906 3257 967 3308 been
984 3256 1094 3322 quiteso
1127 3257 1214 3307 itisble
1231 3273 1259 3308 ss

280 3333 389 3374 senators
406 3321 466 3386 only
499 3321 718 3372 οο-πυωόσωι
736 3319 787 3384 γὰρ
826 3323 900 3372 made
911 3330 965 3381 ont,
975 3323 1041 3372 since
1052 3337 1091 3373 we
1106 3273 1158 3372 gud
1172 3323 1241 3373 thern
1256 3324 1335 3388 ready

280 3388 329 3438 ded
350 3385 468 3450 μυριάδων
483 3339 516 3450 lt
538 3387 642 3448 σωθῆναι
658 3386 786 3451 λέγονται,
827 3396 855 3437 to
875 3386 934 3438 take
950 3402 986 3452 up
1000 3402 1068 3436 arnas
1082 3389 1158 3454 sgein
1177 3389 1246 3438 three
1260 3404 1335 3452 years

280 3453 413 3510 βουλευταὶ
430 3453 456 3504 ll
473 3451 536 3512 speie
552 3453 599 3502 ἀπὸ
614 3451 786 3514 τετρακοσίων.
826 3453 891 3503 lster
907 3455 942 3514 (r.
959 3453 1013 3515 38),
1028 3453 1079 3502 and
1095 3457 1155 3517 they
1171 3463 1226 3504 sent
1241 3469 1257 3503 s
1273 3469 1336 3505 oon-

280 3521 344 3584 Livy
363 3520 442 3585 (Epic
464 3527 521 3582 ¹04)
545 3521 624 3570 varies
650 3517 716 3568 lrom
744 3518 787 3568 the
826 3520 923 3584 tingent
948 3526 977 3569 to
998 3518 1187 3583 Vercingetorix
1210 3519 1265 3582 (vii.
1291 3530 1335 3585 75,

280 3585 372 3636 former
393 3591 449 3651 pm
470 3587 500 3636 oi
518 3585 631 3636 Caessr's
647 3591 786 3645 ueremni,
828 3585 897 3648 53).

280 3651 325 3700 bnt
347 3666 432 3715 agrees
454 3650 516 3702 with
537 3651 580 3702 the
601 3651 787 3714 haer-‘quse
860 3653 905 3700 20.
931 3653 1097 3708 §sauna-s.
1133 3651 1173 3713 1⁶,
1193 3655 1206 3710 5
1228 3665 1252 3714 3.
1285 3650 1336 3704 See

280 3715 374 3766 bellum
396 3715 479 3779 gessit,
502 3717 581 3766 donec
602 3731 634 3766 ex
659 3715 788 3780 sexaginta
827 3715 916 3779 slso4,
930 3718 943 3774 ἱ
956 3729 981 3779 9.

279 3780 393 3832 millibus
408 3791 559 3832 armatorum
580 3782 682 3832 treoenti
704 3796 786 3846 super*
861 3783 910 3840 fis.
926 3795 1017 3832 unum
1027 3783 1172 3839 oppidum.
1197 3781 1241 3832 Ns
1275 3782 1337 3833 leon

280 3853 375 3898 essent:
393 3848 553 3897 essexoentis
568 3847 723 3898 senatoribus
738 3855 788 3897 tres
827 3845 869 3896 111
888 3846 1012 3897 identifies
1030 3846 1081 3896 this
1120 3847 1175 3897 lace
1227 3847 1233 3860 ‘
1290 3849 1336 3899 the

280 3919 377 3961 tantum
391 3909 535 3962 evsdersnt’
568 3913 655 3962 llenoe
673 3927 710 3962 we
727 3927 787 3977 may
826 3911 918 3962 eitsdel
931 3912 960 3961 of
973 3912 1084 3962 Nemus:
1161 3912 1336 3978 Gdletplsnes

280 3975 344 4027 infer
365 3975 420 4026 thst
438 3977 499 4026 both
515 3977 584 4028 these
605 3977 707 4028 authors
722 3993 788 4028 were
826 3977 847 4027 it
857 3977 949 4027 further
964 3977 1039 4028 down
1054 3978 1097 4028 the
1113 3978 1201 4028 Mense
1217 3980 1336 4045 opposite

280 4042 384 4110 quoting
410 4041 509 4103 Caesar,
533 4043 578 4094 but
600 4043 655 4094 that
676 4043 736 4108 they
757 4059 788 4095 or
825 4041 1066 4108 thetownoillny.
