2984 4992
328 548 389 611 οφ
674 538 701 589 c
729 538 826 589 uuir
849 536 1037 590 cassatus
1277 538 1338 605 [sa.
1352 548 1389 601 7-

328 702 532 785 quebantur3
554 700 697 780 Treveri,
708 702 800 785 quod
811 702 949 767 aberant
961 700 1088 787 longius
1102 710 1136 767 et
1146 701 1191 766 ab
1203 699 1386 767 Germanis

328 806 569 890 premebantur,
583 825 671 888 quae
692 805 754 870 fuit
772 826 882 884 causa,
899 826 1002 889 quare
1019 815 1093 869 toto
1114 806 1270 870 abessent
1292 804 1386 869 bello

159 922 321 975 texerimus
329 920 364 977 et
378 912 502 975 neutris
515 910 643 975 auxilia
658 909 837 975 mitterent
872 910 999 993 Magno
1015 909 1130 973 dolore
1145 910 1257 974 Aedui
1272 909 1414 974 serunts

160 989 298 1039 ‘VM'
329 1035 365 1079 se
386 1014 532 1079 deiectos
553 1014 751 1099 principatu,
774 1024 954 1097 queruntur
976 1014 1125 1079 fortunae
1148 1014 1389 1078 commutatio-

328 1140 405 1183 nem
435 1130 470 1184 et
496 1118 647 1185 Caesaris
673 1116 914 1203 indulgentiam
945 1118 979 1181 in
1009 1138 1044 1182 se
1069 1118 1249 1201 requirunt,
1272 1138 1389 1200 neque

327 1233 440 1289 tamen
463 1233 619 1306 suscepto
642 1223 731 1287 bello
746 1218 843 1285 suum
866 1221 1038 1286 consilium
1061 1221 1105 1285 ab
1128 1220 1262 1304 reliquis
1285 1242 1387 1305 sepa-

329 1348 402 1393 rare
422 1329 556 1392 audent.
601 1326 701 1390 Inviti
722 1346 875 1391 summae
900 1326 971 1409 spei
996 1325 1223 1391 adulescentes
1252 1324 1416 1407 Eporeo

330 1431 427 1496 dorix
441 1440 476 1495 et
489 1429 717 1495 Viridomarus
730 1428 995 1513 Vercingetorigi
1011 1438 1137 1513 parent.

376 1534 454 1618 Ipse
478 1534 620 1618 imperat
643 1533 776 1615 reliquis
802 1532 990 1599 civitatibus
1015 1532 1147 1597 obsides
1173 1532 1441 1616 dedendiquena

227 1674 233 1685 ·
285 1702 295 1715 ,
331 1638 502 1704 constituit
516 1639 626 1713 diem;
643 1637 687 1701 ad
702 1636 791 1701 hunc
805 1656 922 1701 omnes
937 1637 1073 1719 equites,
1084 1636 1274 1719 quindecim
1292 1637 1389 1701 milia

202 1740 208 1751 '
330 1762 478 1818 nurnero,
489 1741 640 1806 celeriter
650 1740 827 1805 convenire
842 1740 944 1805 iubet.
972 1740 1155 1817 ‘Peditatu,
1167 1760 1267 1823 quem
1282 1752 1414 1809 antece

327 1845 499 1925 habuerat,
509 1845 627 1910 sefore
637 1840 946 1924 contentum'dicit,
956 1850 1078 1927 ‘neque
1092 1845 1257 1909 fortunam
1273 1852 1387 1928 temp-
1486 1882 1487 1931 l

328 1958 475 2015 taturum
493 1949 605 2013 autin
624 1950 696 2014 acie
715 1950 959 2023 dimicaturum,
974 1950 1044 2027 sed,
1059 1948 1214 2032 quoniam
1235 1948 1388 2013 abundet

329 2054 490 2135 equitatu,
513 2052 668 2135 perfacile
692 2073 764 2117 esse
789 2052 879 2116 iactu
904 2050 1217 2116 frumentationibus
1244 2052 1388 2135 pabula·

327 2156 540 2239 tionibusque
570 2156 741 2221 Romanos
771 2155 970 2238 prohibere;
1002 2176 1111 2238 aequo
1137 2156 1240 2219 modo
1271 2158 1415 2229 animoa

329 2280 390 2326 sua
418 2260 482 2344 ipsi
511 2260 678 2325 frumenta
708 2269 921 2342 corrumpant
949 2258 1166 2341 aedificiaque
1195 2260 1387 2337 incendant,

329 2384 397 2447 qua
426 2364 472 2429 rei
499 2362 669 2429 familiaris
696 2365 823 2429 iactura
849 2372 1046 2449 perpetuum
1077 2365 1253 2446 imperium
1285 2365 1415 2436 liber-4

329 2476 500 2552 tatemque
528 2490 566 2533 se
592 2470 751 2552 consequi
776 2464 933 2533 videant.'
977 2468 1041 2532 His
1067 2468 1255 2533 constitutis
1286 2471 1413 2543 rebuss

329 2572 461 2637 Aeduis
476 2572 741 2657 Segusiauisque,
753 2572 809 2655 qui
825 2583 901 2637 sunt
914 2572 1044 2636 finitimi
1055 2573 1254 2656 provinciae,
1265 2574 1385 2637 decem

331 2676 423 2740 milia
444 2678 595 2760 peditum
620 2677 777 2759 immam
807 2675 873 2740 huc
896 2676 990 2741 addit
1012 2678 1141 2759 equites
1162 2678 1386 2761 octingentos

333 2778 398 2843 His
433 2780 583 2862 praeficit
613 2781 748 2845 fratrem
781 2780 1019 2864 Eporedorigis
1048 2780 1240 2862 bellumque
1275 2782 1387 2846 inferri

330 2882 571 2967 Allobrogibus
599 2884 701 2948 iubet
746 2884 864 2948 Altera
893 2906 938 2948 ex
968 2892 1063 2966 parte
1090 2883 1237 2949 Gabalos
1268 2886 1414 2967 proxi-6

332 3008 472 3071 mosque
500 3008 607 3073 pagos
632 2987 860 3053 Arvernorum
890 2989 923 3052 in
950 2988 1097 3068 Helvios,
1122 2990 1201 3053 item
1230 2989 1387 3057 Rutenos

331 3092 568 3177 Cadurcosque
596 3095 639 3157 ad
666 3092 750 3158 lines
776 3094 955 3159 Volcarum
982 3092 1253 3159 Arecomicorum
1281 3097 1386 3181 depo-

331 3196 495 3282 pulandos
511 3197 623 3263 mittit.
669 3197 783 3262 Nihilo
800 3199 908 3263 minus
923 3198 1134 3263 clandestinis
1151 3200 1275 3263 nuntiis
1295 3200 1414 3285 lega-7
1486 3256 1487 3275 ,

331 3301 543 3385 tionibusque
552 3300 756 3384 Allobrogas
767 3302 934 3376 sollicitat,
944 3322 1086 3385 quorum
1097 3313 1224 3367 mentes
1234 3306 1388 3369 nondum

332 3406 377 3471 ab
387 3406 555 3488 superiore
566 3404 657 3470 bello
669 3406 830 3469 resedisse
841 3407 1005 3488 sperabat.
1037 3405 1166 3470 Horum
1179 3407 1414 3491 principibuss

333 3510 498 3593 pecunias,
531 3509 657 3574 civitati
693 3519 806 3573 autem
844 3509 1017 3595 imperium
1055 3510 1156 3575 totius
1193 3512 1390 3594 provinciae

333 3613 515 3697 pollicetur.

167 3731 276 3785 neme
288 3732 317 3781 of
377 3717 437 3782 Ad
451 3716 514 3782 hos
527 3736 643 3782 omnes
657 3738 752 3782 casus
766 3717 898 3799 provisa
912 3725 1005 3783 erant
1019 3718 1182 3800 praesidia
1194 3718 1385 3786 cohortium
1397 3736 1433 3791 05

165 3798 280 3915 ᾖξ’·
335 3819 475 3884 duarum
504 3832 539 3886 et
563 3822 691 3905 viginti,
716 3842 803 3905 quac
831 3844 875 3887 ex
906 3823 979 3906 ipsa
1008 3822 1177 3906 provincia
1206 3824 1250 3887 ab
1278 3824 1387 3890 Lucio
1486 3872 1487 3879 κ

368 3980 445 4036 ΟΜ
462 3990 485 4026 1.
505 3981 595 4029 Bnoto
612 3982 737 4030 mucro.
772 3980 797 4029 lt
813 3980 836 4030 is
885 3979 943 4031 who
962 3995 1014 4030 was
1033 3979 1119 4031 consul
1138 3980 1164 4031 in
1184 3991 1238 4031 nc.
1257 3980 1293 4047 64
1312 3982 1388 4049 along

335 4041 450 4095 sunmed
461 4042 516 4094 thet
527 4044 576 4095 this
586 4060 644 4095 man
654 4045 757 4097 mtbe
767 4060 836 4096 same
885 4046 947 4096 vlth
965 4046 1042 4097 Cnlns
1058 4043 1161 4111 Figulus
1178 4046 1254 4112 (Sall.
1270 4048 1329 4099 Car.
1347 4062 1385 4113 17·
