2984 4992
134 583 180 630 ⁴4.
197 578 223 645 ι]
373 576 427 627 oa
449 572 573 628 aaran
599 574 767 628 casuro.
819 576 889 627 cra
919 562 956 626 ν’
1129 582 1186 643 191

68 752 115 807 43
181 738 333 823 Septimo
367 738 629 823 oppugnationis
659 740 714 804 die
746 739 897 803 maximo
934 750 1049 804 coorto
1084 748 1185 804 vento
1198 750 1338 816 theoemp

135 844 299 909 ferventes
324 844 410 933 siusili
437 864 481 907 ex
507 843 623 933 argilla
649 843 789 926 glandes
814 843 923 907 lundis
945 853 980 909 et
1005 842 1184 944 teqvefacta
1199 816 1323 934 m&

136 946 243 1013 iacula
273 948 306 1011 in
336 968 444 1024 casas.
467 966 553 1029 quae
583 967 675 1011 more
705 946 836 1013 Gallico
865 948 1055 1011 stramentis
1091 958 1185 1012 erant

108 1060 253 1125 uectae,
283 1051 390 1116 iacere
420 1059 610 1134 coeperunt.
657 1050 734 1115 Hae
767 1050 917 1116 celeriter
945 1051 1056 1133 ignem
1094 1070 1186 1116 com-

136 1155 382 1240 prehenderunt
406 1166 440 1219 et
463 1155 553 1218 venti
583 1154 814 1237 magnitudine
843 1154 878 1217 in
907 1174 1044 1218 omnem
1074 1153 1186 1219 locum

105 1270 320 1327 acastrorum
342 1256 548 1321 distulerunt
596 1256 723 1321 Hostes
750 1257 900 1321 maximo
923 1255 1068 1321 clamore
1088 1258 1187 1321 sicuti

134 1370 232 1447 Q
248 1362 314 1426 iam
333 1371 436 1445 atque
458 1360 634 1457 explqrata
652 1362 791 1426 victoria
810 1372 917 1426 turres
937 1362 1186 1445 testudinesque

101 1485 235 1549 4agere
256 1476 290 1529 et
312 1466 408 1531 scalis
429 1464 554 1529 vallum
576 1466 756 1529 ascendere
781 1474 970 1549 coeperunt.
1015 1465 1066 1531 At
1092 1476 1187 1531 tanta

134 1568 278 1634 militum
301 1570 405 1633 virtus
426 1578 530 1651 atque
551 1588 591 1632 ea
613 1568 800 1651 praesentia
822 1569 924 1633 animi
946 1569 1018 1645 suit,
1041 1578 1087 1647 ut,
1109 1589 1185 1634 cum

135 1674 281 1756 undique
300 1672 437 1737 flamma
456 1681 658 1738 torrerentur
679 1674 896 1755 maximaque
916 1671 1059 1738 telorum
1074 1673 1186 1738 multi·

134 1778 250 1843 tudine
275 1787 503 1861 premerentur
528 1795 656 1860 suaque
684 1777 798 1841 omnia
821 1777 1063 1858 impedimenta
1085 1786 1187 1859 atque

134 1900 251 1947 omnes
287 1879 435 1945 fortunas
472 1878 675 1965 conflagrare
712 1879 949 1965 intellegerent,
980 1901 1047 1945 non
1084 1882 1187 1946 modo

134 1984 343 2069 demigrandi
367 2004 466 2050 causa
493 1985 536 2050 de
556 1982 646 2049 vallo
672 1986 847 2050 decederet
868 2004 975 2060 nemo,
998 1986 1057 2049 sed
1079 2005 1186 2068 paene

137 2108 180 2151 ne
195 2088 371 2170 respiceret
385 2088 522 2170 quidem
542 2088 730 2171 quisquam,
745 2108 785 2153 ac
800 2097 871 2153 tum
893 2108 1009 2153 omnes
1027 2089 1186 2154 acerrime

106 2212 122 2261 5
136 2190 379 2275 fortissimeque
394 2200 589 2276 pugnarent.
636 2191 703 2256 Hic
723 2190 796 2255 dies
809 2191 931 2257 nostris
946 2192 1045 2274 longe
1060 2194 1186 2275 gravis·

135 2296 239 2361 simus
260 2294 346 2375 iuit3
368 2296 432 2359 sed
449 2305 561 2360 tamen
584 2294 672 2361 hunc
694 2295 811 2361 habuit
831 2306 998 2375 eventum,
1015 2307 1052 2361 ut
1071 2316 1112 2361 eo
1130 2297 1186 2361 die

136 2399 305 2463 maximus
330 2419 486 2463 numerus
511 2398 659 2463 hostium
683 2399 910 2465 vulneraretur
936 2409 1038 2482 atque
1061 2398 1185 2464 interfi-

135 2513 273 2581 ceretur,
288 2512 325 2566 ut
339 2523 377 2567 se
390 2502 452 2567 sub
468 2502 542 2584 ipso
556 2501 645 2567 vallo
664 2503 932 2585 constipaverant
955 2522 1186 2587 recessumque

105 2606 253 2689 oprimis
278 2604 384 2669 ultimi
406 2626 475 2670 non
498 2606 634 2671 dabant.
680 2606 821 2670 Paulum
843 2607 979 2689 quidem
999 2606 1187 2671 intermissa

136 2708 272 2773 flamma
302 2719 336 2773 et
365 2712 512 2792 quodam
544 2710 618 2775 loco
650 2711 732 2773 turri
761 2709 882 2775 adacta
911 2718 945 2773 et
972 2710 1187 2794 contingente

134 2812 262 2878 vallum
283 2814 400 2879 tertiae
422 2812 568 2879 cohortis
590 2814 801 2877 centuriones
824 2832 869 2875 ex
890 2832 940 2890 eo,
954 2833 1023 2896 quo
1044 2815 1188 2891 stabant,

136 2919 211 2983 loco
230 2927 433 2983 recesserunt
455 2937 599 3000 suosque
620 2936 737 2981 omnes
760 2926 981 2998 removerunt,
996 2928 1079 2983 nutu
1097 2919 1188 2982 voci·

136 3023 266 3104 busque
294 3020 420 3100 hostes,
448 3022 477 3085 si
504 3020 640 3086 introire
668 3019 802 3099 vellent,
829 3040 950 3085 vocare
985 3033 1188 3104 coeperunt3

107 3146 277 3211 7quorum
294 3125 447 3209 progredi
463 3145 562 3189 ausus
578 3134 630 3190 est
650 3144 761 3189 nemo.
806 3124 895 3189 Turn
919 3146 964 3189 ex
980 3128 1072 3189 omni
1094 3134 1189 3209 parte

42 3230 303 3483 ffpidibus
319 3230 478 3295 coniectis
493 3230 668 3307 deturbati,
684 3230 849 3312 turrisque
863 3250 1020 3294 succensa
1040 3240 1098 3295 est

70 3358 118 3412 44

180 3334 287 3399 Erant
312 3334 346 3397 in
368 3355 407 3399 ea
432 3310 761 3416 legifflnissimt
790 3334 861 3411 viri,
888 3336 1105 3409 centuriones,
1129 3333 1186 3416 qui
1199 3349 1343 3467 ffimygr

1255 3431 1272 3465 0
1281 3431 1313 3465 an

1199 3482 1321 3533 Vorenus.

136 3440 252 3524 primis
266 3438 436 3503 ordinibus
451 3438 767 3521 appropinquarent,
783 3437 881 3502 Titus
899 3436 995 3502 Pulio
1010 3446 1044 3500 et
1063 3436 1187 3503 Lucius

168 3604 214 3651 48.
228 3604 240 3659 ξ
256 3613 276 3649 1.
294 3602 463 3649 stramentio.
496 3597 597 3663 Always
610 3598 636 3649 in
687 3613 765 3662 army,
784 3614 824 3663 cp.
841 3596 875 3647 vi.
893 3610 934 3661 40,
957 3599 1013 3662 ηε
1040 3596 1070 3646 C.
1089 3596 1127 3647 iii.
1147 3610 1186 3661 53,

136 3664 373 3732 thephlnCaerar.
409 3664 458 3730 Cp.
469 3664 512 3714 vii.
522 3678 564 3728 45,
578 3666 591 3723 ς
606 3677 636 3714 a:
688 3668 739 3728 55.

135 3732 416 3793 viii.5‚5a;15‚§5.
721 3731 805 3779 vitu·
820 3729 913 3777 Pullo.
947 3726 1188 3794 hennom

171 3801 221 3858 54.
236 3796 502 3853 praesentianum
525 3794 571 3859 Cp.
580 3793 635 3845 Cle.
686 3809 724 3844 we
739 3792 791 3843 find
804 3793 856 3841 him
869 3792 1012 3859 displaying
1027 3793 1067 3842 his
1082 3810 1189 3859 contage

136 3862 219 3920 Mina
234 3875 264 3926 ²9
276 3861 334 3925 ‘qui
346 3858 636 3911 animofideliindomi·
687 3858 787 3927 against
808 3858 900 3908 eamr
921 3860 984 3908 alter
1006 3858 1038 3908 he
1059 3858 1109 3908 had
1127 3862 1188 3910 been

135 3942 195 3977 num
206 3934 232 3976 et
243 3926 364 3991 praesenti
375 3924 487 3977 iuemnt'
686 3922 859 3974 munumennl
873 3923 900 3972 in
917 3924 1045 3990 betraying
1061 3924 1103 3975 the
1118 3940 1189 3991 army

168 3996 215 4042 44.
228 3995 241 4052 ἱ
256 4004 277 4042 1.
296 3994 564 4049 appropinquarent.
594 3990 636 4040 On
687 3990 716 4041 oi
723 3989 753 4041 C.
765 3988 896 4040 marius.
922 4024 925 4032 ·

136 4056 280 4123 promotion
296 4058 329 4121 by
346 4057 418 4108 merit
435 4057 461 4107 in
477 4056 520 4108 the
536 4056 635 4105 Roman
