2984 4992
144 510 190 565 87.
204 508 232 575 7]
376 508 430 560 DE
451 507 576 561 amo
601 508 769 563 eunuco·
821 510 890 563 ΗΒ.
921 512 973 564 VII
1138 518 1199 585 275

144 690 193 735 ex
206 668 322 736 castris
340 691 500 755 egressus,
514 672 704 756 priusquam
721 672 871 739 subsidio
886 694 932 739 ex
953 674 1080 758 oppido
1094 673 1199 739 veniri

147 782 272 858 posset,
290 774 422 840 deiecto
442 776 611 859 praesidio
632 776 760 860 potitus
779 776 854 841 loco
876 777 959 843 duas
982 776 1028 843 ibi
1049 776 1199 861 legiones

147 878 325 943 collocavit
360 877 548 964 fossamque
583 880 751 966 duplicem
789 881 980 947 duodenum
1018 880 1143 965 pedum
1178 901 1199 945 a

148 982 329 1046 maioribus
364 985 481 1049 castris
516 984 562 1049 ad
600 985 730 1051 minora
765 986 934 1069 perduxit,
971 994 1008 1051 ut
1044 994 1120 1050 tuto
1156 985 1200 1049 ab

147 1088 321 1169 repentino
361 1088 510 1153 hostium
545 1089 678 1154 incursu
718 1089 823 1155 etiarn
860 1087 979 1174 singuli
1014 1108 1200 1155 commeare

148 1199 294 1273 possent

85 1300 134 1357 87
194 1292 285 1359 Dum
314 1295 398 1361 haec
425 1298 470 1362 ad
501 1296 701 1381 Gergoviam
730 1306 899 1380 gematur,
929 1296 1199 1363 Convictolitavis
1211 1305 1310 1356 Proeto

147 1396 299 1476 Aeduus,
313 1400 366 1465 cui
380 1401 611 1485 magistratum
626 1402 852 1467 adiudicatum
868 1422 889 1465 a
905 1400 1047 1467 Caesare
1061 1402 1199 1467 demon·
1212 1371 1334 1487 {ffidu

148 1503 336 1582 stravimus,
354 1503 549 1570 sollicitatus
569 1506 613 1571 ab
633 1504 796 1571 Arvernis
815 1504 956 1588 pecunia
972 1523 1048 1571 cum
1065 1504 1200 1587 quibus·
1213 1502 1276 1551 θοι»
1287 1502 1329 1551 ²¹¹⁰

149 1605 229 1669 dam
255 1605 521 1675 adulescentibus
542 1608 763 1693 colloquitur;
785 1628 925 1692 quorum
952 1617 1024 1675 erat
1050 1609 1202 1691 princeps
1215 1568 1333 1618 Romans.

150 1707 340 1775 Litaviccus
364 1719 466 1794 atque
495 1713 567 1778 eius
593 1712 719 1791 fratres
749 1712 952 1796 amplissima
981 1712 1103 1777 lamilia
1133 1712 1203 1777 nati

120 1835 135 1871 α
150 1812 389 1879 adulescentes.
431 1813 518 1881 Cum
532 1816 585 1879 his
599 1816 784 1901 praemium
799 1817 1023 1885 communicat
1037 1815 1203 1881 hortatur-

119 1943 135 1992 3
150 1937 227 1999 que,
242 1926 280 1982 ut
295 1922 348 1984 ‘se
362 1918 486 1985 liberos
499 1930 535 1985 et
548 1920 689 2005 imperio
707 1928 804 1984 natos
825 1920 1045 1986 meminerint.
1090 1918 1203 1985 Unam

152 2041 227 2085 esse
261 2023 459 2088 Aeduorum
494 2024 674 2103 civitatem,
702 2044 788 2107 quae
824 2022 1041 2089 certissimam
1077 2022 1204 2089 Galliae

151 2124 325 2191 victoriam
348 2128 518 2205 detineat3
540 2129 610 2193 eius
636 2128 834 2193 auctoritate
860 2126 1003 2210 reliquas
1025 2128 1204 2203 contineri3

151 2248 221 2311 qua
240 2232 394 2295 traducta
415 2230 525 2297 locum
547 2231 749 2297 consistendi
770 2230 933 2295 Romanis
952 2230 987 2294 in
1006 2229 1115 2295 Gallia
1136 2250 1204 2294 non

120 2334 233 2405 usore.
276 2334 363 2400 Esse
381 2335 540 2400 nonnullo
560 2356 596 2400 se
620 2333 771 2399 Caesaris
793 2333 954 2399 beneficio
976 2330 1142 2413 affectum,
1157 2336 1205 2399 sic

152 2447 277 2512 tamen,
292 2447 331 2503 ut
346 2438 558 2505 iustissimam
573 2439 661 2522 apud
680 2458 756 2504 eum
772 2458 905 2503 causam
921 2436 1099 2502 obtinuerit
1114 2459 1122 2516 ;
1144 2440 1202 2503 sed

121 2569 138 2620 5
154 2541 232 2625 plus
244 2544 411 2607 communi
426 2542 571 2607 libertati
586 2542 738 2608 tribuere
778 2540 847 2606 Cur
861 2540 947 2605 enirn
964 2541 1076 2625 potius
1089 2540 1204 2606 Aedui

153 2646 199 2709 de
221 2667 282 2711 suo
303 2646 373 2710 iure
394 2656 429 2711 et
450 2649 494 2712 de
514 2646 643 2731 legibus
668 2648 713 2711 ad
733 2643 910 2709 Caesarem
934 2643 1205 2727 disceptatorem,

119 2764 255 2833 oquam
279 2750 422 2816 Romani
443 2751 487 2814 ad
509 2750 649 2815 Aeduos
669 2745 849 2814 veniant?’
896 2747 1054 2813 Celeriter
1075 2748 1205 2813 adules-

154 2854 314 2920 centibus·
330 2866 366 2919 et
390 2854 539 2919 oratione
562 2853 777 2937 magistratus
804 2862 839 2917 et
869 2852 1018 2936 praemio
1043 2852 1205 2930 deductis,

153 2978 232 3021 curn
247 2979 283 3022 se
296 2957 348 3022 vel
363 2958 532 3044 principes
545 2959 617 3024 eius
631 2956 760 3024 consilii
775 2956 846 3023 fore
861 2956 1103 3041 profiterentur,
1120 2959 1205 3022 ratio

153 3061 345 3146 perficiendi
360 3063 589 3146 quaerebatur,
603 3062 694 3146 quod
716 3062 885 3127 civitatem
906 3069 1031 3127 temere
1046 3062 1090 3126 ad
1105 3061 1206 3126 susci-

121 3194 138 3250 7
153 3166 313 3250 piendum
328 3166 453 3231 bellum
468 3166 587 3232 adduci
603 3186 703 3250 posse
717 3185 786 3229 non
804 3162 1025 3231 confidebant.
1070 3163 1205 3243 Placuit,

153 3279 195 3334 ut
210 3269 397 3335 Litaviccus
411 3270 530 3334 decern
544 3269 609 3333 illis
623 3268 766 3347 milibus,
777 3288 863 3353 quae
873 3268 1006 3335 Caesari
1022 3268 1065 3333 ad
1080 3267 1204 3333 bellum

153 3374 376 3453 mitterentur,
407 3372 642 3458 praeficeretur
676 3384 778 3457 atque
811 3392 852 3436 ea
882 3372 1035 3437 ducenda
1070 3381 1205 3452 curaret,

191 3544 240 3610 57.
251 3547 411 3602 tonumque
427 3546 571 3621 duplisona
587 3546 656 3593 duo·
705 3541 833 3593 indicated
840 3557 873 3590 on
880 3540 920 3591 bis
927 3540 986 3607 plan
995 3540 1064 3591 there
1072 3541 1093 3591 is
1101 3540 1208 3608 nothing

154 3608 657 3755 merassas&
705 3606 1206 3767 aspernaremur

154 3737 658 3873 >neruus
707 3736 737 3788 0¹
756 3736 1135 3868 inermes

155 3872 255 3922 ditches
271 3870 333 3920 each
351 3870 390 3921 six
411 3872 461 3921 leet
476 3866 573 3947 broad?
615 3870 659 3920 He
732 3868 824 3933 egeni
840 3880 879 3931 24.

155 3936 348 4013 spnksastlro
382 3934 658 3987 hthesadrtcbeshsd
740 3936 849 3999 8747.
877 3936 975 3985 doeens
999 3936 1059 3985 1111·
1083 3936 1208 3987 milibus.

156 4005 221 4055 been
388 4018 396 4053 ε
415 4000 463 4053 but
478 4001 507 4052 ln
523 3998 569 4054 tbe
584 4000 658 4068 place
710 4003 776 4065 Μ
790 4012 814 4051 1.
1046 4026 1049 4035 ·

650 4097 712 4151 T2
