2984 4992
145 2076 238 2126 Caesar

146 2140 263 2191 turnrbls

312 558 355 623 30
666 550 694 602 c.
721 551 818 603 ruarr
840 549 1028 605 carsnnrs
1263 551 1374 618 [ssa-

313 733 335 778 a
358 711 507 777 Labieno
530 712 685 796 occupari
707 712 859 790 voluerit,
880 712 924 776 ab
945 710 1098 777 hostibus
1119 711 1246 777 teneri:
1273 712 1309 776 id
1329 733 1372 777 se

313 838 335 881 a
359 816 494 881 Gallicis
521 815 622 881 armis
651 826 755 898 atque
785 816 969 899 insignibus
994 818 1198 899 cognovisse
1243 814 1406 890 caesara

313 940 390 985 suas
405 920 520 1003 copias
534 920 568 983 in
584 920 776 1001 proximum
792 918 911 985 collem
925 919 1093 999 subducit,
1102 922 1208 985 aciem
1223 918 1369 985 instruit

314 1024 493 1103 Labienus,
508 1036 546 1087 ut
561 1031 632 1087 erat
653 1023 681 1087 ei
702 1032 917 1108 praeceptum
936 1045 956 1088 a
972 1021 1124 1101 Caesare,
1139 1044 1182 1088 ne
1201 1024 1369 1108 proelium

314 1127 547 1203 committeret,
577 1126 639 1190 nisi
670 1126 775 1209 ipsius
803 1127 919 1211 copiae
950 1146 1054 1211 prope
1082 1126 1228 1191 hostium
1257 1137 1371 1191 castra

313 1231 404 1296 visae
423 1240 543 1309 essent,
557 1238 594 1295 ut
615 1230 761 1314 undique
781 1250 846 1295 uno
866 1241 1017 1315 tempore
1038 1231 1071 1294 in
1091 1230 1204 1295 hostes
1221 1229 1371 1312 impetus

314 1332 416 1413 fieret,
442 1344 556 1399 monte
581 1343 746 1418 occupato
772 1345 903 1399 nostros
928 1335 1147 1417 exspectabat
1175 1332 1371 1418 proelioque

312 1438 509 1505 abstinebat
556 1437 666 1501 Multo
681 1437 824 1521 denique
844 1438 900 1503 die
919 1458 979 1521 per
997 1438 1226 1521 exploratores
1241 1437 1404 1507 caesara

313 1542 471 1626 cognovit
496 1550 531 1606 et
556 1550 706 1608 montem
732 1562 753 1605 a
775 1541 844 1606 suis
868 1541 973 1607 teneri
998 1550 1034 1607 et
1058 1540 1232 1607 Helvetios
1256 1550 1370 1608 castra

314 1646 456 1711 movisse
486 1656 519 1711 et
550 1643 745 1711 Considium
776 1645 896 1711 timore
926 1646 1146 1728 perterritum,
1176 1646 1266 1729 quod
1295 1665 1367 1710 non

312 1750 459 1829 vidisset,
473 1750 618 1833 proviso
632 1749 693 1814 sibi
709 1749 925 1815 renuntiasse
970 1749 1022 1813 Eo
1037 1749 1093 1814 die
1106 1769 1175 1833 quo
1189 1761 1367 1816 consuerat
1382 1773 1398 1824 5

314 1852 490 1919 intervallo
501 1852 613 1917 hostes
627 1852 777 1937 sequitur
787 1861 822 1918 et
837 1853 928 1918 milia
942 1872 1100 1937 passuum
1112 1853 1176 1918 tria
1190 1852 1234 1918 ab
1247 1874 1367 1919 eorum

314 1956 431 2021 castris
446 1966 555 2021 castra
570 1956 673 2041 ponit.

359 2059 522 2125 Postridie
544 2060 615 2125 eius
640 2060 714 2137 diei,
738 2060 830 2143 quod
856 2060 994 2125 omnino
1018 2060 1158 2126 biduum
1185 2070 1366 2145 supererat,
1380 2076 1433 2132 23

145 2205 280 2257 m„
314 2183 389 2229 curn
425 2164 586 2230 exercitui
620 2164 820 2229 frumentum
855 2164 965 2230 metiri
997 2173 1174 2249 oporteret,
1204 2176 1239 2230 et
1271 2168 1365 2248 quod

145 2272 225 2320 wan.
236 2270 276 2320 Bi-
314 2288 335 2332 a
351 2266 515 2345 Bibracte,
526 2268 651 2351 oppido
662 2266 861 2334 Aeduorum
873 2267 974 2352 longe
989 2268 1139 2333 maximo
1153 2278 1190 2332 et
1204 2269 1366 2351 copiosis-

145 2336 302 2452 ffissffl
314 2372 409 2451 simo,
434 2392 501 2439 non
530 2371 673 2457 amplius
700 2370 834 2437 milibus
863 2392 1021 2455 passuum
1046 2384 1142 2437 xvm
1168 2374 1292 2450 aberat,
1318 2375 1368 2438 rei

146 2468 162 2515 b
189 2467 232 2518 the

175 2532 266 2585 elvetll.

314 2476 548 2542 frumentariae
577 2476 843 2561 prospiciendum
870 2476 1094 2551 existimauit3
1125 2477 1188 2541 iter
1211 2477 1257 2540 ab
1281 2477 1368 2541 Hel-

314 2580 410 2647 vetiis
439 2578 558 2645 avertit
588 2599 627 2645 ac
654 2578 808 2645 Bibracte
838 2579 885 2643 ire
915 2580 1095 2645 contendit.
1142 2578 1194 2643 Ea
1223 2600 1275 2644 res
1304 2601 1399 2665 pern

314 2685 468 2771 fugitivos
485 2684 524 2749 L.
539 2683 685 2759 Aemilii,
705 2683 889 2748 decurionis
912 2684 1061 2766 equitum
1082 2682 1267 2760 Gallorum,
1287 2685 1367 2750 hos·

347 2822 391 2869 22.
413 2823 425 2877 t
451 2832 473 2869 a.
497 2822 667 2877 lmlcnlbus,
685 2816 816 2869 ‘derioee’
863 2818 1044 2869 Bibreeterres
1059 2818 1138 2882 really
1153 2834 1186 2869 ou
1202 2820 1246 2869 the
1261 2823 1367 2873 summu

315 2900 348 2933 on
359 2883 452 2935 rhieldr
463 2884 512 2933 end
523 2884 636 2934 helmets.
668 2882 740 2947 'I'bey
751 2899 815 2935 were
861 2883 892 2934 oi
906 2883 980 2934 Mont
997 2884 1117 2948 Beumy,
1134 2892 1161 2933 et
1181 2900 1196 2933 a
1212 2886 1322 2936 distrnoe
1337 2888 1371 2937 oi

312 2949 411 2999 worub
439 2949 482 2998 the
492 2950 591 2998 Romen
603 2948 814 2999 soldierrarwell
860 2964 930 2999 rome
941 2948 1248 3014 twenty-fivekssomeus
1259 2952 1367 3014 bymad

313 3028 342 3063 es
358 2964 444 3079 bytbe
462 3014 549 3064 Geuln
582 3014 631 3081 Cp.
647 3014 674 3065 ii.
692 3026 732 3076 ar,
751 3019 765 3075 ς
783 3030 814 3079 5:
861 3014 925 3065 irom
943 3016 1035 3065 Autun.
1070 3014 1127 3065 One
1145 3031 1204 3079 may
1220 3016 1273 3067 still
1294 3026 1366 3067 truce

312 3080 355 3130 rii.
370 3092 411 3143 45,
425 3082 437 3138 l
452 3088 473 3141 7.
860 3079 930 3130 there
941 3080 983 3130 the
995 3079 1367 3135 iordtiontionsoitbenncient

350 3148 362 3204 t
387 3160 409 3209 ³·
436 3146 579 3194 subducit.
622 3143 649 3193 Il
669 3144 712 3195 the
734 3143 816 3196 Gruls
861 3144 947 3196 Gallie
963 3144 1059 3209 eity‚‘uu
1077 3145 1120 3196 the
1135 3145 1200 3196 form
1217 3146 1247 3197 oi
1258 3163 1275 3196 e
1290 3154 1365 3214 steep

313 3209 815 3275 moenlyinpouemonosthehin,
861 3210 962 3269 mund,
983 3209 1033 3260 and
1056 3210 1099 3260 the
1115 3212 1313 3263 mumchmenu
1335 3214 1368 3265 of

313 3276 438 3326 labienus
456 3275 505 3325 und
524 3274 564 3324 lrls
581 3274 648 3325 ioroe
666 3282 732 3325 murt
751 3276 815 3326 heve
860 3274 1069 3327 &werinter
1082 3291 1158 3342 camp
1169 3278 1223 3340 (rii.
1239 3282 1308 3343 φή
1325 3278 1365 3357 9),

312 3342 376 3393 been
390 3340 529 3406 destroyed,
540 3356 569 3390 so
586 3340 640 3391 thet
656 3342 749 3391 Caesen·
763 3356 816 3393 wer
859 3341 942 3391 which
955 3341 989 3393 be
1002 3342 1130 3392 entrusted
1144 3348 1173 3392 to
1184 3346 1287 3408 Autony
1297 3343 1365 3408 (nir.

312 3408 446 3473 expecung
456 3422 488 3457 nn
499 3406 592 3457 attam.
862 3420 886 3468 a,
898 3412 911 3466 ε
925 3408 959 3468 1).

347 3476 390 3523 88.
415 3476 428 3531 i
454 3486 475 3521 1.
500 3474 639 3531 postridie
662 3474 723 3522 elus
745 3474 813 3523 diei.
895 3476 950 3531 §a
967 3474 1105 3531 mutire·
1122 3474 1365 3535 Iadamlllt‘de

313 3538 362 3605 Cp.
376 3540 445 3603 47,§
466 3552 478 3586 r
497 3538 594 3604 ‘pridie
610 3536 663 3588 eius
678 3536 746 3589 diei!
779 3538 814 3587 So
859 3536 1212 3590 renmirornL.Aemllin⁸.’
1235 3540 1283 3604 Cp
1292 3540 1365 3593 Flor.

313 3605 339 3655 ln
355 3604 425 3669 Livy,
441 3604 516 3654 mii.
533 3607 602 3669 sm
619 3616 640 3657 1.
652 3603 702 3653 end
716 3602 769 3653 Cle
781 3602 815 3652 nd
859 3604 887 3654 il.
901 3616 940 3667 13,
958 3608 971 3663 t
990 3618 1020 3667 5²
1039 3602 1183 3655 ‘derutorie
1197 3602 1254 3666 sui:
1270 3608 1301 3654 ‘a
1318 3606 1365 3656 de-

313 3670 416 3719 ntulii.
435 3673 489 3755 pt
510 3682 521 3719 1
542 3672 613 3735 ‘pout
629 3668 697 3718 diem
714 3668 815 3721 tertium
860 3676 937 3720 uerter
947 3668 1140 3720 uomuinrelf:

313 3736 365 3786 einr
376 3734 433 3784 diei.
892 3736 1062 3785 deondonln
1096 3736 1122 3785 Α
1136 3734 1238 3785 decurio
1252 3751 1305 3787 wer
1319 3736 1364 3788 the

346 3802 487 3850 Brbmre.
521 3800 571 3850 For
585 3814 601 3849 n
616 3798 678 3865 long
690 3798 752 3850 time
763 3798 816 3849 rhu
860 3800 1020 3850 commender
1033 3800 1063 3849 ol
1073 3816 1089 3849 e
1104 3806 1193 3863 turma,
1207 3801 1290 3851 which
1302 3817 1365 3853 eon·

312 3878 366 3913 rm
382 3864 509 3916 identified
520 3866 580 3915 with
592 3866 678 3915 Autun
696 3865 750 3929 (the
760 3864 814 3914 An·
860 3865 937 3916 dated
948 3864 977 3913 oi
985 3864 1020 3914 tbi
1060 3874 1124 3916 ·trro
1133 3866 1323 3928 premendum
1334 3875 1363 3919 to

312 3928 481 3995 gnstodnnum
498 3930 527 3980 oi
541 3930 602 3981 Teo.
619 3931 686 3981 Anu.
706 3930 741 3980 ili.
761 3944 793 3992 43
859 3930 1048 3995 ffieeanlm
1102 3932 1145 3983 tbe
1159 3939 1364 3997 oeuurymto

312 3996 357 4046 but
368 3994 411 4045 the
421 3994 559 4045 resarcires
574 3994 605 4045 oi
615 3996 776 4045 Monaiean
803 4024 815 4036 ·
858 3996 903 4047 the
912 3995 1026 4061 infantry.
1045 3996 1172 4062 Vegetins,
1183 3998 1210 4047 ii.
1223 4010 1264 4062 ¹4·

312 4060 359 4113 liot
375 4059 440 4111 lure
456 4066 494 4112 ret
509 4060 530 4111 it
546 4060 646 4126 beyond
662 4060 740 4112 doubt
759 4060 815 4113 that
