2984 4992
139 539 183 592 1⁷.
196 538 223 605 7]
370 539 424 602 Da
445 540 569 594 BELLO
595 541 763 595 GALLICO.
814 542 885 595 ΗΒ.
911 542 957 594 ΙΙΙ
1136 551 1192 596 111

139 699 364 780 defenderent,
378 703 557 770 habebant
601 703 719 787 Itaque
734 724 771 769 se
785 723 912 800 suaque
928 703 1043 770 omnia
1058 703 1192 770 Caesari

108 803 348 875 4dediderunt.
394 807 434 871 In
463 826 548 889 quos
574 828 614 873 eo
643 809 778 890 gravius
807 807 930 873 Caesar
956 808 1191 874 vindicandum

139 908 266 988 statuit,
294 928 362 992 quo
384 910 576 994 diligentius
600 911 635 975 in
660 911 824 995 reliquum
846 922 980 995 tempus
1000 932 1021 975 a
1043 912 1192 978 barbaris

140 1013 192 1076 ius
207 1012 392 1095 legatorum
407 1023 662 1082 conservaretur.
700 1017 821 1100 Itaque
835 1016 925 1081 omni
941 1027 1058 1082 senatu
1073 1026 1192 1082 necato

139 1115 283 1198 reliquos
298 1118 360 1181 sub
375 1137 496 1184 corona
509 1119 670 1184 vendidit.

75 1226 123 1282 17
185 1220 277 1284 Dum
306 1220 389 1286 haec
418 1222 452 1285 in
482 1221 623 1288 Venetis
660 1233 828 1306 geruntur,
859 1221 1005 1306 Quintus
1041 1222 1191 1288 Titurius
1202 1233 1309 1284 &unus

138 1323 285 1390 Sabinus
311 1345 386 1391 cum
413 1325 454 1390 iis
482 1327 592 1409 copiis,
615 1347 699 1411 quas
725 1348 747 1392 a
777 1326 921 1392 Caesare
949 1336 1130 1409 acceperat,
1156 1327 1190 1392 in
1203 1300 1350 1415 ffifh‘

106 1427 222 1493 afines
247 1428 461 1495 Venellorum
488 1432 647 1513 pervenit.
692 1431 757 1496 His
781 1440 932 1516 praeerat
953 1431 1129 1496 Viridovix
1150 1429 1324 1508 acproftuooe

136 1553 303 1598 summam
319 1533 447 1618 imperii
462 1535 597 1599 tenebat
613 1555 725 1600 earum
742 1535 891 1600 omnium
907 1535 1090 1613 civitatum,
1105 1555 1191 1619 quae
1203 1510 1284 1611 iffi
1303 1562 1360 1620 rear,

137 1636 334 1716 defecerant,
370 1659 414 1703 ex
451 1638 573 1722 quibus
616 1641 800 1704 exercitum
837 1659 1042 1724 magnasque
1078 1639 1191 1723 copias

105 1747 318 1824 acoegerat3
345 1751 447 1825 atque
467 1742 520 1805 his
542 1743 656 1825 paucis
679 1743 798 1808 diebus
822 1741 961 1809 Aulerci
987 1742 1192 1808 Eburovices

137 1843 346 1928 Lexoviique
367 1855 485 1911 senatu
509 1865 570 1912 suo
600 1845 782 1925 interiecto,
809 1847 901 1929 quod
931 1855 1083 1912 auctores
1113 1847 1191 1912 belli

136 1969 211 2013 esse
232 1949 399 2029 nolebant,
421 1959 534 2033 portas
562 1949 747 2016 clauserunt
771 1970 872 2034 seque
899 1971 975 2016 cum
1000 1950 1191 2016 Viridovice

101 2052 402 2131 4coniunxerunt;
429 2073 616 2136 magnaque
638 2064 809 2137 praeterea
834 2054 1014 2120 multitudo
1041 2055 1190 2138 undique

136 2177 182 2220 ex
198 2154 308 2221 Gallia
321 2156 528 2240 perditorum
543 2156 716 2223 hominum
732 2158 964 2241 latronumque
979 2169 1191 2237 convenerat,

135 2279 221 2343 quos
237 2279 314 2345 spes
330 2261 511 2345 praedandi
526 2263 742 2346 studiumque
759 2262 907 2328 bellandi
930 2263 974 2326 ab
990 2263 1190 2345 agricultura

102 2385 121 2436 5
135 2372 171 2428 et
186 2365 357 2429 cotidiano
372 2366 485 2430 labore
504 2367 691 2432 revocabat.
736 2365 883 2432 Sabinus
897 2367 1021 2431 idoneo
1036 2367 1190 2432 omnibus

135 2468 234 2533 rebus
258 2467 333 2533 loco
358 2470 473 2533 castris
497 2489 571 2534 sese
594 2469 741 2549 tenebat,
765 2491 842 2535 cum
866 2470 1044 2535 Viridovix
1074 2481 1189 2536 contra

135 2593 213 2637 eum
237 2572 341 2637 duum
365 2571 493 2637 milium
523 2573 634 2657 spatio
655 2573 861 2638 consedisset
891 2573 1081 2656 cotidieque
1109 2593 1188 2657 pro·

133 2675 245 2741 ductis
270 2677 374 2759 copiis
395 2678 567 2760 pugnandi
591 2686 795 2760 potestatem
817 2676 952 2754 faceret,
974 2686 1012 2740 ut
1034 2676 1102 2742 iam
1121 2697 1188 2741 non

133 2781 243 2845 solum
266 2779 417 2844 hostibus
440 2781 473 2844 in
496 2781 781 2865 contemptionem
804 2779 950 2846 Sabinus
969 2781 1104 2859 veniret,
1128 2783 1187 2846 sed

134 2885 237 2949 etiam
260 2892 448 2948 nostrorum
475 2882 619 2949 militum
645 2885 784 2950 vocibus
806 2884 954 2949 nonnihil
980 2894 1189 2968 carperetur;

100 2987 119 3038 ⁶
133 2997 330 3069 tantamque
343 2988 533 3070 opinionem
549 2987 675 3053 timoris
690 2988 853 3071 praebuit,
869 2997 907 3052 ut
922 2988 989 3053 iam
1004 2989 1047 3053 ad
1062 2989 1187 3054 vallum

102 3101 318 3159 tcastrorum
340 3089 454 3155 hostes
475 3093 632 3156 accedere
653 3091 825 3158 auderent
883 3092 923 3156 Id
954 3113 995 3157 ea
1020 3093 1064 3157 de
1087 3113 1188 3158 causa

132 3195 285 3271 faciebat,
302 3195 393 3276 quod
409 3214 484 3259 cum
500 3203 595 3260 tanta
611 3195 823 3260 multitudine
831 3195 979 3260 hostium
990 3196 1186 3279 praesertim

133 3319 174 3363 eo
189 3298 337 3379 absente,
351 3297 408 3382 qui
423 3317 588 3364 summam
605 3298 734 3381 imperii
754 3308 892 3381 teneret,
907 3300 971 3363 nisi
988 3319 1097 3382 aequo
1111 3299 1187 3364 loco

132 3411 191 3467 aut
215 3401 466 3486 opportunitate
490 3401 601 3484 aliqua
625 3403 706 3468 data
730 3401 845 3487 legato
868 3402 1095 3467 dimicandum
1118 3422 1186 3466 non

132 3505 356 3570 existimabat

164 3644 209 3692 16.
228 3644 241 3699 t
260 3655 285 3704 4.
305 3643 359 3689 nub
375 3653 481 3689 corona
494 3641 635 3690 vendidit
723 3621 779 3702 Μ.
804 3642 920 3690 Aulerci
938 3641 1123 3690 mmmm.
1156 3639 1187 3691 Iu

134 3704 634 3820 ‘Antiquituplmandpiapp'rebetlliffpta
684 3701 1186 3822 thedepnfmssntotEmpee'il'peirprpne

133 3777 515 3888 rueretrueret
536 3783 635 3886 :aa
683 3785 828 3886 eam
862 3786 946 3823 m·
1075 3786 1107 3834 ³⁴
1159 3787 1185 3822 ¹²·

133 3901 234 3952 Caelius
248 3901 355 3952 Sabinus
370 3915 399 3951 u
414 3901 507 3965 quoted
524 3901 558 3966 by
574 3900 634 3954 Aul.
719 3905 732 3960 t
754 3915 777 3964 ⁵·
803 3905 894 3951 duum
914 3905 1035 3953 millum.
1073 3903 1124 3953 For
1143 3903 1186 3954 the

133 3967 200 4018 Gell.
213 3968 309 4030 Μή
323 3981 346 4030 ,a
683 3967 828 4018 contracted
844 3967 909 4018 torm
926 3965 955 4018 oi
966 3983 1022 4034 geo.
1038 3969 1184 4035 optim,

165 4034 505 4092 trummacum
529 4035 633 4095 ¹¹ri4·
685 4036 736 4094 ει.
