2984 4992
1465 3 1480 382 l

306 544 368 607 ³04
656 535 686 586 c.
710 535 807 586 rum
830 533 1015 587 caasnnrs
1242 536 1301 602 pn,
1313 547 1368 600 1⁵-
1474 421 1485 686 ἲ

307 698 590 783 bellageasemnt.
636 698 735 782 Quod
751 700 779 764 si
795 721 843 776 ea,
858 719 944 783 quae
962 698 996 762 in
1013 697 1203 782 longinquis
1218 697 1364 762 nationi·
1383 707 1413 755 ιε
1483 727 1487 820 ι

307 804 370 868 bus
381 812 548 886 geruntur,
557 803 727 886 ignoratis,
742 803 893 886 respicite
912 801 1087 866 finitimam
1104 799 1260 875 Galliam,
1273 821 1364 884 quae

307 906 339 968 in
355 907 557 988 provinciam
576 907 711 972 redacta
725 908 796 972 iure
810 917 845 972 et
861 906 989 990 legibus
1005 907 1217 970 commutatis
1238 905 1364 969 securi·

308 1009 372 1074 bus
386 1011 536 1075 subiecta
549 1019 712 1094 perpetua
725 1012 886 1094 premitur
900 1009 1076 1075 servitute!
1488 1028 1490 1143 p

141 1119 202 1170 Fare
214 1119 243 1169 ot
250 1117 296 1195 tte
352 1112 536 1180 Sententiis
553 1114 651 1180 dictis
666 1117 882 1194 constituunt,
898 1123 936 1178 ut
952 1115 1002 1190 ιῐί,
1021 1113 1077 1198 qui
1092 1113 1284 1178 valetudine
1304 1122 1365 1177 aut
1386 1115 1429 1170 78

140 1186 279 1236 Madaba
309 1227 419 1284 aetate
435 1216 567 1282 inutiles
586 1228 663 1283 sunt
677 1218 775 1298 bello,
791 1219 918 1303 oppido
937 1219 1112 1291 excedant,
1128 1226 1229 1302 atque
1246 1217 1364 1281 omnia

308 1322 398 1404 prius
423 1323 646 1404 experiantur,
668 1342 770 1406 quam
796 1322 840 1386 ad
865 1320 1053 1404 Critognati
1077 1322 1276 1386 sententiam
1304 1322 1362 1385 de-

308 1425 485 1501 scendant3
518 1424 575 1490 illo
601 1435 713 1491 tamen
742 1427 855 1508 potius
885 1427 1046 1490 utendum
1075 1425 1222 1501 consilio,
1249 1425 1277 1489 si
1309 1443 1394 1490 reu

308 1537 407 1614 cogat
427 1538 528 1612 atque
549 1529 675 1594 auxilia
697 1540 876 1609 morentur,
897 1547 998 1614 quam
1021 1539 1078 1594 aut
1101 1529 1279 1594 deditionis
1303 1539 1362 1593 aut

309 1633 403 1718 pacis
425 1634 631 1698 subeundam
649 1631 899 1698 condicionem.'
944 1633 1127 1709 Mandubii,
1141 1633 1198 1715 qui
1219 1653 1279 1698 eos
1300 1653 1394 1716 ops

309 1738 389 1819 pido
425 1747 628 1823 receperant,
663 1757 739 1802 cum
779 1739 891 1804 liberis
927 1749 1028 1820 atque
1065 1737 1225 1801 uxoribus
1267 1738 1363 1802 exire

308 1849 478 1925 coguntur.
525 1840 581 1918 Hi,
604 1843 746 1907 eumad
774 1843 971 1907 munitiones
994 1841 1223 1906 Romanorum
1247 1857 1393 1905 acces-4

308 1945 437 2022 sissent,
451 1943 568 2009 flentes
588 1947 742 2010 omnibus
762 1947 917 2030 precibus
937 1945 1087 2022 orabant,
1102 1955 1139 2009 ut
1158 1944 1242 2008 sein
1260 1946 1362 2009 servi·

309 2057 415 2114 tutem
439 2057 588 2131 receptos
610 2049 686 2114 cibo
708 2051 868 2116 iuvarent.
912 2048 963 2113 At
985 2047 1110 2113 Caesar
1133 2049 1306 2132 dispositis
1329 2049 1390 2114 ins

309 2150 397 2216 vallo
412 2153 606 2217 custodibus
621 2153 720 2236 recipi
736 2153 945 2237 prohibebat.

142 2261 242 2342 amnt
253 2263 283 2313 os
355 2256 487 2322 Interea
502 2253 674 2322 Commius
687 2257 870 2340 reliquique
883 2257 994 2336 duces,
1009 2257 1130 2340 quibus
1149 2277 1283 2322 summa
1300 2257 1362 2320 im-
1374 2265 1418 2320 79

141 2329 279 2461 Ῐξὲῗιωκῖ
310 2361 393 2444 perii
421 2360 581 2444 permissa
610 2369 691 2438 erat,
715 2380 793 2424 cum
823 2361 978 2425 omnibus
1007 2361 1109 2444 copiis
1139 2363 1182 2426 ad
1208 2360 1362 2425 Alesiam

311 2466 507 2548 perveniunt
521 2475 556 2529 et
570 2465 654 2530 colle
669 2466 833 2530 exteriore
851 2475 1014 2548 occupato
1029 2484 1096 2528 non
1119 2465 1251 2547 longius
1272 2464 1364 2528 mille

309 2569 461 2652 passibus
474 2571 518 2634 ab
533 2569 653 2633 nostris
668 2570 907 2633 munitionibus
922 2569 1108 2634 considunt.
1154 2569 1293 2634 Postero
1309 2570 1364 2634 die
1378 2595 1390 2628 ι

310 2674 461 2756 equitatu
476 2694 520 2738 ex
535 2673 652 2738 castris
669 2672 791 2737 educto
812 2693 946 2738 omnem
967 2693 1041 2737 eam
1063 2673 1246 2757 planiciem,
1260 2693 1364 2756 quam

310 2776 344 2840 in
359 2777 602 2862 longitudinem
617 2778 682 2842 tria
700 2777 790 2842 milia
810 2797 966 2860 passuum
987 2787 1101 2860 patere
1122 2777 1365 2842 demonstravi·

311 2899 396 2960 mus,
416 2879 584 2964 complent
606 2881 842 2964 pedestresque
863 2881 974 2966 copias
996 2881 1132 2965 paulum
1155 2881 1198 2944 ab
1222 2902 1263 2945 eo
1289 2882 1366 2946 loco

311 2985 442 3049 abditas
457 2985 490 3047 in
505 2984 590 3049 locis
603 2985 827 3067 superioribus
842 2985 1054 3050 constituunt
1083 2985 1165 3049 Erat
1177 3005 1222 3048 ex
1235 2986 1364 3068 oppido
1377 3005 1391 3053 s

311 3087 428 3154 Alesia
453 3089 629 3172 despectus
654 3089 687 3153 in
708 3108 873 3172 campum.
920 3087 1128 3153 Concurrunt
1154 3088 1205 3152 his
1229 3088 1365 3153 auxiliis
1488 3109 1489 3112 ¹

310 3193 410 3272 visis3
439 3192 477 3256 fit
503 3192 682 3275 gratulatio
703 3193 790 3257 inter
811 3213 877 3272 eos,
898 3202 1000 3276 atque
1021 3193 1170 3256 omnium
1193 3193 1296 3256 animi
1318 3195 1364 3257 ad

312 3296 473 3361 laetitiam
489 3297 685 3362 excitantur.
732 3297 852 3379 Itaque
866 3298 1035 3379 productis
1051 3297 1154 3380 copiis
1170 3307 1249 3360 ante
1264 3297 1363 3380 oppi-
1377 3314 1394 3360 4

311 3401 393 3466 dum
416 3399 593 3465 considunt
618 3409 652 3464 et
677 3401 867 3483 proximam
891 3399 1014 3465 fossam
1039 3399 1183 3466 cratibus
1209 3400 1365 3484 integunt

311 3514 412 3588 atque
428 3523 549 3587 aggere
564 3503 702 3586 explent
715 3523 819 3586 seque
833 3504 876 3569 ad
895 3506 1102 3589 eruptionem
1122 3513 1224 3586 atque
1245 3524 1364 3570 omnes

311 3628 407 3673 casus
422 3616 626 3691 comparant.

358 3711 480 3777 Caesar
489 3711 578 3775 omni
593 3711 742 3776 exercitu
757 3714 801 3778 ad
812 3721 988 3795 utramque
998 3721 1127 3795 partem
1140 3713 1363 3777 munitionum
1379 3719 1424 3774 80

345 3903 452 3959 ΊΜΙ.
469 3904 682 3960 qut...mnt
716 3899 814 3951 Kraner
864 3899 1360 3965 ‘hortatnredoeteraqnaeleviasuna

313 3965 542 4016 bemmds‘aint'
554 3966 777 4030 ontheenthority
788 3965 817 4016 oi
863 3981 949 4044 parem
976 3965 1087 4016 morum
1114 3965 1216 4044 gerant,l
1244 3965 1294 4015 aod
1321 3980 1361 4016 see

313 4029 426 4081 coelis.
459 4031 810 4098 Butcp.SaILJug.54‚§r
863 4030 1283 4097 r.4o,§5'cum...vrdebotur.¹
