2984 4992
326 535 389 598 πω
673 545 703 597 c
727 545 823 598 [υιιι
846 546 1034 598 σΑεεΑκιε
1280 548 1342 614 [aa.
1355 561 1387 596 ι.

329 711 422 786 bant,
450 719 628 793 propterea
657 711 749 792 quod
780 728 888 792 neque
918 708 1018 791 longe
1046 708 1090 774 ab
1119 709 1247 792 oppido
1274 717 1384 773 castra

330 812 611 898 Vercingetorigis
634 815 783 888 aberant,
805 821 839 877 et
863 813 967 896 palus,
989 832 1076 895 quae
1097 822 1261 896 perpetua
1283 811 1383 875 inter-

328 915 479 994 cedebat,
501 917 673 982 Romanos
697 917 742 980 ad
765 917 1004 1000 insequendum
1029 915 1194 982 tardabat.
1242 915 1409 997 lamquea

328 1019 393 1084 hoc
407 1019 516 1085 iacere
527 1031 628 1086 noctu
640 1021 859 1103 apparabant,
871 1041 947 1085 cum
960 1019 1230 1086 matresfamiliae
1244 1027 1385 1102 repente
1483 1043 1484 1108 l

329 1125 363 1186 in
382 1123 551 1206 publicum
572 1135 801 1208 procurrerunt
824 1123 1005 1207 flentesque
1026 1124 1193 1208 proiectae
1213 1125 1257 1187 ad
1280 1125 1384 1207 pedes
1483 1113 1484 1116 '

330 1247 463 1292 suorum
482 1229 635 1292 omnibus
651 1229 806 1311 precibus
825 1229 998 1310 petierunt,
1013 1231 1074 1294 ‘ne
1088 1249 1125 1292 se
1138 1237 1173 1292 et
1187 1247 1385 1293 communes

330 1333 451 1396 liberos
465 1332 617 1397 hostibus
631 1332 675 1395 ad
690 1331 888 1415 supplicium
905 1333 1073 1411 dederent,
1085 1352 1171 1414 quos
1185 1333 1230 1396 ad
1245 1331 1384 1414 capien-

330 1437 409 1500 dam
424 1436 538 1518 sugam
554 1446 692 1500 naturae
707 1447 741 1501 et
756 1437 872 1500 virium
889 1435 1062 1500 infirmitas
1077 1435 1275 1519 impediret}
1315 1431 1412 1499 Ubi4

330 1559 389 1604 eos
412 1540 445 1602 in
467 1538 633 1604 sententia
659 1549 808 1622 perstare
830 1539 992 1616 viderunt,
1014 1542 1104 1622 quod
1130 1537 1329 1624 plenamque
1353 1538 1386 1600 in

330 1663 463 1707 summo
486 1643 632 1725 periculo
653 1643 757 1707 timor
781 1643 1039 1708 misericordiam
1063 1661 1130 1708 non
1153 1643 1280 1725 recipit,
1305 1661 1386 1705 con-

330 1747 474 1810 clamare
489 1758 524 1811 et
538 1746 725 1830 significare
740 1747 875 1830 defuga
892 1747 1050 1812 Romanis
1070 1755 1259 1830 coepemnt.
1306 1745 1410 1829 Quot

329 1851 449 1914 timore
470 1852 635 1934 perterriti
651 1850 749 1929 Galli,
767 1870 810 1914 ne
829 1851 874 1916 ab
894 1850 1043 1934 equitatu
1061 1850 1294 1915 Romanorum
1311 1850 1385 1912 viae

330 1965 659 2036 praeoccuparentur,
674 1953 813 2019 consilio
828 1956 1036 2020 destiterunt.

162 2045 317 2173 333·
376 2057 514 2122 Postero
527 2057 584 2122 die
599 2056 723 2122 Caesar
736 2068 893 2141 promota
908 2060 989 2124 turri
1004 2057 1203 2140 directisque
1217 2056 1385 2139 operibus,
1397 2065 1432 2119 at

162 2175 213 2240 city
222 2175 312 2241 during
331 2180 418 2243 quae
431 2161 539 2226 iacere
553 2163 751 2238 instituerat,
763 2183 885 2247 magno
898 2173 1013 2228 coorto
1029 2162 1134 2226 imbre
1149 2181 1216 2225 non
1231 2159 1382 2224 inutilem

162 2249 275 2292 “²⁰¹⁰“
331 2265 417 2331 hanc
446 2266 491 2329 ad
520 2267 720 2349 capiendum
746 2267 919 2332 consilium
943 2275 1178 2350 tempestatem
1204 2265 1383 2330 arbitratus

329 2379 391 2444 est,
412 2369 503 2452 quod
530 2368 631 2454 paulo
654 2371 820 2436 incautius
842 2372 1009 2435 custodias
1029 2371 1064 2434 in
1086 2389 1181 2434 muro
1203 2368 1383 2452 dispositas

329 2475 475 2552 videbat,
498 2494 642 2556 suosque
672 2474 861 2559 languidius
887 2475 921 2539 in
943 2495 1044 2558 opere
1067 2473 1188 2538 versari
1217 2473 1315 2537 iussit
1339 2481 1381 2544 et,

329 2578 408 2660 quid
436 2575 505 2640 fieri
531 2577 640 2658 vellet,
664 2580 819 2644 ostendit.
866 2579 1134 2662 Legionibusque
1161 2577 1248 2641 intra
1269 2577 1408 2640 vineas²

329 2680 362 2745 in
384 2681 516 2746 occulto
537 2683 703 2764 expeditis
725 2683 926 2759 cohortatus,
942 2693 979 2747 ut
1001 2683 1179 2766 aliquando
1199 2700 1262 2764 pro
1281 2679 1384 2744 tantis

329 2785 499 2850 laboribus
527 2786 669 2850 fructum
693 2787 851 2852 victoriae
881 2787 1098 2870 perciperent,
1121 2787 1170 2861 iis,
1201 2786 1259 2868 qui
1286 2785 1384 2869 primi

330 2907 459 2951 murum
496 2891 732 2970 ascendissent,
765 2891 912 2973 praemia
948 2889 1120 2974 proposuit
1158 2887 1385 2969 militibusque

330 2993 462 3076 signum
489 2994 590 3058 dedit.
637 2993 689 3056 Illi
713 2995 826 3059 subito
849 3015 894 3058 ex
917 2994 1072 3058 omnibus
1097 2992 1248 3077 partibus
1272 2992 1410 3056 evola-s
1483 3069 1484 3078 ἶ

329 3108 448 3162 verunt
470 3117 668 3182 murumque
688 3097 837 3164 celeriter
859 3099 1115 3183 compleverunt.
1483 3155 1484 3188 ,

375 3203 501 3268 Hostes
520 3221 555 3266 re
575 3222 661 3267 nova
682 3201 844 3287 perterriti
864 3223 958 3265 muro
981 3202 1191 3283 turribusque
1209 3199 1329 3263 deiecti
1350 3199 1382 3262 in
1395 3201 1431 3253 ²8

329 3305 404 3371 foro
429 3325 469 3370 ac
495 3305 577 3371 locis
602 3306 845 3389 patentioribus
872 3306 1039 3369 cuneatim
1067 3305 1297 3381 constiterunt,
1321 3303 1384 3367 hoc
1483 3293 1484 3352 l

330 3412 453 3486 animo,
476 3420 521 3486 ut,
544 3411 570 3474 si
598 3431 666 3494 qua
691 3431 736 3475 ex
763 3421 859 3494 parte
885 3409 1017 3474 obviam
1043 3403 1187 3498 [contra]
1211 3408 1385 3482 veniretur,

331 3517 402 3581 acie
429 3517 587 3580 instructa
612 3517 850 3599 depugnarent
897 3513 968 3578 Ubi
995 3513 1161 3576 neminem
1184 3512 1219 3574 in
1242 3529 1408 3592 aequumz

332 3618 442 3684 locum
457 3640 529 3684 sese
543 3619 728 3696 demittere,
738 3619 797 3682 sed
813 3628 885 3682 toto
900 3617 1046 3699 undique
1061 3636 1156 3679 muro
1167 3613 1384 3680 circumfundi
1483 3615 1484 3656 l

330 3723 493 3800 viderunt,
506 3722 611 3801 veriti,
627 3741 670 3784 ne
690 3721 825 3786 omnino
846 3741 922 3804 spes
937 3721 1034 3804 fugae
1053 3719 1234 3794 tolleretur,
1249 3719 1383 3785 abiectis
1483 3745 1484 3810 l

364 3861 472 3917 2251.
496 3873 619 3917 rnoeqna
642 3895 649 3908 .
674 3893 680 3907 .
703 3893 711 3908 .
734 3861 829 3907 luerit.
882 3857 925 3907 the
942 3856 1046 3920 reading
1063 3853 1091 3906 oi
1105 3855 1150 3906 the
1171 3855 1254 3917 MSS,
1274 3871 1344 3906 some
1360 3856 1384 3904 ol
1483 3881 1484 3918 1

332 3921 388 3970 The
399 3926 406 3949 ⁴
416 3923 477 3987 qne’
489 3925 605 3990 couples‘
616 3923 687 3974 iussit
694 3922 701 3946 '
708 3931 737 3974 to
749 3927 756 3951 ‘
766 3924 830 3974 arbi·
881 3922 964 3972 which
972 3922 1035 3972 bare
1045 3926 1130 3972 ‘extra
1136 3921 1238 3979 vineas?
1245 3921 1297 3972 and
1304 3923 1382 3972 others
1483 3923 1484 3964 l

331 3994 410 4037 intus
421 3986 475 4038 est:
883 3984 1170 4039 ‘ammirandus'
1483 3981 1484 4024 ἲ

365 4058 414 4114 §a
432 4055 508 4104 intra
524 4057 631 4105 vineae.
663 4053 725 4104 This
744 4053 767 4104 is
786 4063 830 4104 not
