2984 4992
110 540 193 611 ou4]
334 544 387 596 us
410 544 533 598 asaro
559 545 726 599 carneo.
779 547 847 599 ars.
877 547 931 599 νιι
1094 536 1155 615 289

54 716 92 773 59
150 708 219 772 lam
239 708 362 773 Caesar
379 730 401 774 a
416 708 583 792 Gergovia
602 710 789 775 discessisse
809 709 1014 788 audiebatur,
1027 708 1094 773 iam
1110 708 1154 774 de
1167 712 1291 791 hatenus

108 810 299 876 Aeduorum
319 811 504 877 defectione
523 822 558 877 et
575 814 722 878 secundo
738 810 868 878 Galliae
889 823 983 878 motu
1004 833 1154 877 rumores
1166 778 1304 895 Ἠῶ

107 914 332 992 afferebantur,
348 914 503 1000 Gallique
518 918 551 982 in
569 916 743 1001 colloquiis
759 917 972 983 interclusum
988 918 1105 983 itinere
1120 928 1154 984 et
1166 910 1315 963 difficulties

109 1020 215 1103 Ligeri
232 1019 410 1086 Caesarem
426 1021 540 1104 inopia
554 1019 711 1086 frumenti
726 1030 880 1087 coactum
901 1022 934 1085 in
951 1021 1152 1105 provinciam

83 1125 312 1189 2contendisse
337 1123 587 1190 confirmabant.
633 1124 800 1190 Bellovaci
830 1136 942 1190 autem
968 1124 1154 1191 delectione

107 1226 299 1291 Aeduorum
315 1228 458 1312 cognita,
469 1228 526 1310 qui
540 1239 618 1293 ante
631 1240 726 1295 erant
740 1250 801 1313 per
816 1249 852 1295 se
867 1227 1027 1305 infideles,
1036 1249 1153 1294 manus

81 1345 222 1415 scogere
251 1341 353 1414 atque
382 1341 498 1414 aperte
527 1332 651 1396 bellum
681 1352 798 1415 parare
826 1340 1014 1417 coeperunt.
1064 1331 1153 1396 Tum

108 1434 271 1499 Labienus
300 1445 395 1500 tanta
426 1455 532 1500 rerum
558 1436 821 1501 commutatione
847 1437 947 1520 longe
972 1435 1062 1501 aliud
1092 1436 1154 1501 sibi

107 1540 301 1621 capiendum
324 1538 508 1618 consilium,
524 1549 627 1623 atque
649 1549 748 1604 antea
770 1548 926 1617 senserat,
940 1540 1154 1624 intellegebat

107 1663 210 1725 neque
225 1645 302 1720 iam,
316 1652 354 1708 ut
371 1643 494 1725 aliquid
509 1644 693 1727 acquireret
707 1644 900 1727 proelioque
916 1643 1030 1709 hostes
1050 1644 1153 1709 laces-

106 1759 196 1826 seret,
212 1749 271 1811 sed
287 1756 326 1811 ut
339 1748 539 1813 incolumem
554 1748 736 1812 exercitum
746 1748 958 1831 Agedincum
973 1749 1154 1824 reduceret,

79 1850 283 1934 leogitabat.
338 1851 493 1934 Namque
522 1850 626 1916 altera
659 1872 704 1915 ex
737 1862 833 1934 parte
863 1851 1039 1927 Bellovaci,
1069 1874 1155 1936 quae

106 1956 218 2021 civitas
235 1955 269 2021 in
285 1954 395 2020 Gallia
414 1956 598 2020 maximam
618 1955 721 2021 habet
741 1956 934 2040 opinionem
950 1958 1090 2031 virtutis,
1105 1957 1154 2021 in-

106 2059 245 2134 stabant,
271 2060 409 2125 alteram
440 2058 685 2143 Camulogenus
713 2070 832 2145 parato
861 2072 964 2144 atque
993 2062 1154 2126 instructo

107 2165 253 2229 exercitu
275 2165 433 2242 tenebat3
462 2175 535 2229 tum
558 2163 705 2247 legiones
728 2184 749 2227 a
776 2165 939 2247 praesidio
963 2175 1067 2247 atque
1091 2166 1153 2229 im·

106 2268 302 2347 pedimentis
343 2268 536 2334 interclusas
578 2268 764 2333 maximum
805 2266 928 2332 flumen
966 2268 1153 2333 distinebat.

81 2370 219 2437 5Tantis
251 2372 362 2437 subito
388 2371 639 2439 difficultatibus
664 2373 804 2438 obiectis
833 2373 877 2437 ab
906 2372 1007 2437 animi
1033 2372 1154 2436 virtute

105 2474 262 2540 auxilium
278 2477 458 2559 petendum
476 2476 620 2542 videbat.

51 2579 90 2632 00
146 2579 215 2645 Sub
240 2600 415 2662 vesperum
441 2580 577 2645 consilio
603 2590 785 2647 convocato
811 2580 1012 2658 cohortatus,
1034 2588 1071 2644 ut
1097 2599 1147 2655 ea,
1165 2588 1215 2639 His

106 2703 187 2764 quae
208 2685 412 2767 imperasset,
427 2685 603 2767 diligenter
624 2685 849 2768 industrieque
869 2684 1147 2760 administrarent,
1160 2668 1323 2705 moeones.

105 2807 210 2865 naves,
242 2808 326 2873 quas
356 2786 544 2852 Metiosedo
581 2788 775 2865 deduxerat,
804 2788 948 2873 singulas
985 2787 1151 2871 equitibus

106 2889 264 2957 Romanis
295 2892 445 2956 attribuit
474 2903 508 2957 et
538 2893 644 2975 prima
673 2891 825 2958 confecta
854 2892 966 2975 vigilia
995 2902 1152 2976 quattuor

106 2994 193 3061 milia
207 3016 367 3081 passuum
383 2998 527 3060 secundo
538 2994 674 3060 flumine
686 2996 816 3061 silentio
829 2996 981 3081 progredi
993 2996 1105 3079 ibique
1116 3018 1152 3061 se

81 3111 298 3184 rexspectare
319 3099 419 3163 iubet.
462 3099 617 3183 Quinque
642 3100 805 3175 cohortes,
828 3121 912 3185 quas
939 3101 1073 3164 minime
1096 3098 1151 3162 fir-

106 3222 173 3267 mas
196 3206 240 3269 ad
263 3204 490 3268 dimicandum
514 3224 586 3267 esse
611 3204 835 3283 existimabat,
853 3204 969 3269 castris
989 3203 1152 3287 praesidio

80 3308 279 3391 srelinquit;
315 3308 461 3391 quinque
491 3308 637 3373 eiusdem
668 3307 809 3391 legionis
838 3307 980 3390 reliquas
1009 3308 1053 3372 de
1083 3328 1151 3372 me-

104 3410 155 3473 dia
177 3424 276 3478 noete
302 3432 378 3475 cum
407 3413 560 3477 omnibus
586 3412 831 3496 impedimentis
853 3412 991 3476 adverso
1017 3410 1151 3476 flumine

78 3529 93 3577 4
106 3533 223 3599 magno
245 3515 392 3582 tumultu
407 3515 569 3600 proficisci
590 3516 742 3600 imperat.
787 3514 959 3598 Conquirit
973 3518 1073 3579 etiam
1089 3514 1151 3579 lin-

103 3625 187 3698 trcs;
211 3620 274 3686 has
298 3639 421 3703 magno
442 3621 553 3684 sonitu
580 3640 744 3685 remorum
773 3619 925 3686 incitatas
951 3620 984 3683 in
1011 3618 1151 3683 eandem

103 3732 229 3805 partem
259 3724 374 3789 mittit
420 3724 496 3807 lpse
519 3734 596 3809 post
625 3724 726 3811 paulo
749 3723 879 3789 silentio
902 3742 1053 3806 egressus
1075 3742 1150 3789 cum

135 3921 180 3969 59.
192 3923 206 3980 ς
220 3934 242 3969 r.
260 3920 449 3971 interolmrn
461 3922 564 3969 itinere
574 3924 603 3969 st
654 3918 684 3968 oi
691 3916 804 3969 euris
814 3916 938 3985 supposed
948 3917 1043 3971 march.

103 3984 206 4041 Ligari.
240 3986 290 4051 Cp.
306 3998 347 4049 55,
363 3986 418 4051 §p
451 3984 507 4033 Tbe
522 3984 604 4034 words
687 3988 736 4035 60.
761 3987 773 4043 5
798 3998 821 4047 3.
848 3986 988 4042 proficisci
1022 3988 1152 4045 impona

105 4050 141 4099 ‘et
147 4049 329 4114 Ligeri'define
335 4051 377 4101 tbe
383 4049 476 4116 precise
483 4049 604 4101 direction
653 4064 677 4102 r.
690 4058 714 4113 7,
727 4053 741 4110 ς
753 4046 769 4099 6
780 4048 934 4115 ‘retrahique
945 4048 1067 4116 imperat!

145 4130 188 4178 **
618 4146 644 4200 u
