2984 4992
301 506 362 585 236
421 516 448 567 C.
474 515 548 568 IUL.
576 514 765 569 CAESARIS
788 515 842 567 DE
864 514 969 567 BELL-
997 514 1104 567 GALL
1155 514 1226 565 ΗΒ.
1255 514 1297 564 VI

301 686 452 758 tempore
466 686 567 760 atque
582 676 742 741 imbribus
756 677 1011 761 procubuerant,
1025 685 1072 753 ut,
1086 676 1114 740 si
1129 676 1187 759 qui
1201 676 1306 739 etiam
1320 674 1360 739 in

300 780 484 862 praesentia
506 800 543 844 se
568 779 801 860 occultassent,
822 790 936 845 tamen
957 779 1011 845 his
1032 780 1180 844 deducto
1202 779 1361 844 exercitu

133 891 251 942 andvdn
301 903 409 947 rerum
431 884 580 949 omnium
603 884 716 967 inopia
734 885 942 967 pereundum
964 883 1138 948 videretur.
1179 879 1236 945 Ac
1253 899 1391 965 saepes

133 956 272 1073 {mg
300 986 335 1051 in
353 1008 430 1051 eum
450 987 561 1053 locum
579 997 715 1053 ventum
739 998 792 1053 est
811 996 906 1051 tanto
924 986 959 1049 in
980 1005 1097 1051 omnes
1116 994 1229 1069 partes
1246 985 1361 1049 diviso

300 1090 461 1174 equitatu,
486 1101 523 1156 ut
553 1090 656 1157 modo
683 1091 790 1155 visum
815 1091 860 1157 ab
886 1110 924 1155 se
947 1088 1180 1173 Ambiorigem
1211 1088 1245 1153 in
1274 1089 1360 1172 iuga

300 1195 586 1278 circumspicerent
607 1194 731 1279 captivi
752 1214 815 1259 nec
836 1194 935 1279 plane
957 1194 1060 1259 etiam
1080 1194 1192 1258 abisse
1209 1212 1256 1256 ex
1273 1212 1359 1257 con-

300 1308 416 1383 spectu
442 1298 691 1373 contenderent,
717 1306 756 1363 ut
784 1318 846 1382 spe
873 1298 1098 1381 consequendi
1128 1297 1221 1363 illata
1250 1306 1388 1380 atques

300 1402 428 1467 infinito
454 1402 567 1466 labore
595 1412 764 1484 suscepto,
786 1402 845 1485 qui
875 1423 913 1467 se
938 1422 1106 1467 summam
1135 1402 1180 1466 ab
1210 1398 1359 1465 Caesare

300 1505 441 1590 gratnm
452 1507 590 1571 inituros
600 1516 878 1590 putarent,paene
888 1517 1042 1571 naturam
1054 1504 1358 1585 studiovincerent,

301 1630 497 1695 semperque
512 1610 650 1693 paulum
665 1611 709 1675 ad
725 1630 890 1675 summam
903 1610 1093 1675 felicitatem
1103 1610 1247 1675 defuisse
1260 1610 1356 1674 vide·

302 1724 398 1787 retur,
412 1726 514 1796 atque
529 1713 584 1777 ille
604 1712 740 1779 latebris
756 1724 816 1779 aut
834 1713 974 1779 saltibus
989 1734 1026 1780 se
1045 1714 1186 1796 eriperet
1200 1724 1236 1779 et
1250 1724 1355 1779 noctu
1368 1729 1386 1779 6

300 1818 487 1881 occultatus
506 1817 588 1881 alias
611 1818 763 1901 regiones
783 1830 962 1902 partesque
983 1828 1113 1902 peteret
1135 1838 1204 1883 non
1226 1819 1355 1882 maiore

301 1920 450 2004 equitum
474 1920 640 2003 praesidio
665 1941 768 2004 quam
796 1931 966 2005 quattuor,
990 1922 1113 2005 quibus
1139 1920 1219 1985 solis
1248 1922 1358 1987 vitam

297 2042 392 2089 suam
407 2024 616 2089 committere
629 2026 785 2090 audebat

132 2142 277 2193 eoeneum
342 2126 417 2191 Tali
454 2128 556 2193 modo
592 2128 732 2193 vastatis
775 2129 963 2212 regionibus
1006 2127 1191 2193 exercitum
1229 2127 1415 2201 Caesares,

131 2210 214 2257 Duro-

131 2282 264 2323 cortorum.

132 2556 233 2606 l'unish·

132 2630 199 2671 ment
210 2622 240 2671 ol

131 2690 211 2737 Aeco.

133 2864 242 2914 winter·

299 2231 440 2296 duarum
477 2230 662 2297 cohortium
702 2234 828 2299 damno
866 2233 1131 2299 Durocortorum
1169 2232 1356 2297 Remorum

300 2336 435 2413 reducit,
458 2335 664 2419 concilioque
685 2336 719 2401 in
744 2358 823 2403 eum
852 2336 964 2403 locum
992 2335 1124 2402 Galliae
1153 2336 1282 2403 indicto
1311 2338 1357 2403 de

299 2440 526 2505 coniuratione
542 2438 712 2506 Senonum
727 2452 763 2506 et
777 2440 962 2507 Camutum
985 2440 1214 2523 quaestionem
1229 2441 1358 2506 habere

300 2544 443 2609 instituit
465 2554 501 2609 et
523 2544 565 2609 de
583 2543 730 2623 Accone,
745 2546 804 2628 qui
822 2546 977 2629 princeps
992 2544 1065 2610 'eius
1085 2543 1212 2610 consilii
1233 2544 1385 2624 fuerat,2

300 2648 450 2731 graviore
461 2648 626 2713 sententia
641 2650 859 2731 pronuntiata
870 2668 965 2714 more
980 2648 1142 2713 maiorum
1152 2647 1355 2730 supplicium

301 2750 450 2833 sumpsit.
496 2750 657 2817 Nonnulli
673 2752 829 2817 iudicium
844 2753 940 2817 veriti
959 2750 1185 2837 profugerunt.
1221 2749 1387 2835 Quibuss

301 2874 377 2919 cum
392 2874 479 2937 aqua
494 2863 595 2937 atque
610 2855 679 2939 igni
702 2856 936 2933 interdixisset,
949 2857 1035 2920 duas
1049 2855 1198 2939 legiones
1212 2857 1256 2920 ad
1271 2856 1358 2921 fines

300 2956 534 3036 Treverorum,
547 2959 632 3023 duas
651 2960 685 3023 in
708 2958 925 3043 Lingonibus,
940 2978 1002 3024 sex
1025 2959 1168 3042 reliquas
1189 2959 1224 3023 in
1247 2958 1357 3025 Seno·

301 3080 381 3125 num
397 3060 516 3125 finibus
531 3061 699 3144 Agedinci
715 3064 749 3127 in
766 3063 913 3129 hibernis
928 3063 1104 3129 collocavit
1122 3062 1358 3145 frumentoque

301 3164 462 3229 exercitui
478 3166 623 3249 provis0,
638 3176 674 3231 ut
694 3166 892 3248 instituerat,
908 3169 942 3232 in
963 3162 1098 3233 Italiam
1112 3168 1155 3232 ad
1171 3176 1358 3232 conventus

301 3271 447 3353 agendos
461 3268 630 3353 proiectus
645 3279 706 3335 est.

333 3427 443 3482 “ll-
465 3426 696 3473 Durocortorum.
735 3422 802 3473 Non
853 3422 940 3475 medi!
981 3416 1007 3473 lt
1035 3438 1115 3473 mems
1143 3433 1171 3473 to
1198 3423 1263 3473 here
1293 3424 1358 3474 bem

302 3490 387 3540 Reims
397 3491 424 3539 in
436 3489 478 3539 the
489 3488 644 3553 depmtment
655 3489 684 3539 oi
694 3488 790 3538 Meroe.
852 3504 887 3554 ep
904 3488 955 3539 lied
971 3489 1005 3553 by
1021 3489 1115 3539 Ceeur
1130 3497 1157 3538 to
1173 3486 1313 3539 omnam·
1327 3505 1358 3539 ns

336 3558 636 3615 §mmor-emeiorum.
662 3553 802 3619 Thisgood
853 3571 875 3604 w
921 3557 1079 3604 utvooo.
1111 3554 1341 3617 Seeviii.38,§5.

302 3620 488 3670 old-subloned
526 3620 624 3669 Romen
663 3620 738 3669 mode
776 3620 807 3670 ot
888 3626 939 3683 53.
963 3622 1356 3677 Qntbm...tntoreixrme

301 3762 376 3867 inseri
387 3764 479 3877 biritu,
487 3767 662 3883 gorpusovirgis
672 3816 705 3867 ed
715 3830 802 3868 necem
853 3816 915 3868 Sene
925 3816 951 3867 in
961 3816 1004 3867 the
1014 3816 1171 3882 department
1182 3815 1211 3867 ol
1220 3816 1319 3867 Yonne.
