2984 4992
327 520 389 565 200
673 515 702 568 c.
727 516 824 567 man
845 515 1036 569 caesaris
1274 518 1334 585 [su.
1346 534 1387 583 3-

327 677 443 742 exules
464 678 709 764 damnatosque
726 688 801 743 tota
820 677 932 745 Gallia
952 680 1082 763 magnis
1100 679 1259 763 praemiis
1277 682 1323 745 ad
1343 700 1386 744 se

327 780 458 853 allicere
472 781 593 864 coepit
637 782 692 846 Ac
712 792 843 847 tantam
861 783 927 847 sibi
947 783 1015 847 iam
1029 782 1084 848 bis
1102 784 1202 849 rebus
1215 784 1250 847 in
1267 783 1418 851 Galliac
1490 789 1491 796 ’

326 887 560 951 auctoritatem
584 896 907 969 compararentur
934 886 1082 969 undique
1110 890 1154 953 ad
1182 908 1261 952 eum
1290 888 1382 971 lega-

327 990 436 1055 tiones
462 998 702 1067 concurrerent,
727 990 871 1073 gratiam
901 1000 1003 1073 atque
1031 992 1215 1056 amicitiam
1244 992 1386 1074 publice

327 1094 550 1177 privatimque
565 1104 725 1176 peterent.

373 1198 443 1263 Ubi
473 1198 640 1263 intellexit
669 1198 757 1263 ultro
784 1200 829 1262 ad
857 1218 895 1263 se
922 1198 1034 1273 veniri,
1061 1198 1168 1265 altera
1201 1218 1249 1263 ex
1284 1212 1384 1283 parte
1398 1210 1445 1263 ou

329 1301 477 1367 Senones
486 1299 717 1384 Carnutesque
732 1301 933 1367 conscientia
942 1300 1095 1366 facinoris
1104 1302 1265 1387 instigari,
1273 1304 1384 1369 altera

331 1404 470 1470 Nervios
492 1405 758 1488 Aduatucosque
781 1404 907 1470 bellum
933 1406 1096 1470 Romanis
1120 1426 1246 1489 parare,
1272 1428 1385 1491 noque

329 1510 391 1574 sibi
407 1511 667 1575 voluntariorum
682 1510 799 1590 copias
817 1508 984 1589 defore‚si
1004 1530 1049 1574 ex
1070 1510 1193 1576 finibus
1211 1512 1284 1576 suis
1303 1532 1384 1595 pro-

161 1632 298 1707 Annum
327 1615 420 1697 gredi
442 1614 613 1699 coepisset,
628 1624 795 1677 armatum
816 1614 994 1678 concilium
1014 1614 1143 1680 indicit
1186 1614 1264 1679 Hoc
1286 1636 1415 1680 more2

160 1697 267 1748 ΜΝ·
330 1717 502 1783 Gallorum
526 1728 577 1783 est
599 1718 730 1783 initium
754 1716 850 1783 belli:
883 1737 952 1801 quo
972 1715 1048 1803 lege
1069 1718 1240 1783 communi
1263 1739 1386 1784 omnes

328 1822 468 1903 puberes
490 1822 609 1886 armati
632 1822 809 1886 convenire
829 1830 1037 1901 consuerunt,
1058 1824 1115 1905 qui
1138 1842 1184 1886 ex
1207 1824 1248 1887 iis
1270 1826 1386 1889 novis-

328 1925 432 1989 simus
446 1926 609 2005 convenit,
618 1926 651 1989 in
662 1934 841 2007 conspectu
857 1925 1077 1990 multitudinis
1089 1927 1245 1991 omnibus
1256 1929 1387 1992 crucia-

329 2029 419 2092 tibus
448 2012 586 2093 affectus
616 2038 760 2093 necatur.
816 2029 855 2092 ln
885 2048 927 2093 eo
955 2030 1097 2093 concilio
1122 2029 1417 2115 Cingetorigem,3

329 2131 463 2198 alterius
476 2118 663 2215 principem
684 2131 847 2211 factionis,
860 2153 1019 2217 generum
1036 2152 1144 2212 suum,
1158 2153 1260 2217 quem
1279 2154 1389 2218 supra

330 2238 633 2302 demonstravimus
653 2234 804 2301 Caesaris
821 2247 973 2302 mentum
992 2235 1092 2301 fidem
1114 2237 1158 2301 ab
1176 2256 1218 2301 eo
1231 2258 1301 2302 non
1315 2239 1387 2302 dis·

329 2342 475 2419 cessisse,
485 2342 614 2405 bostem
631 2339 755 2404 iudicat
766 2341 921 2423 bonaque
931 2342 1003 2405 eius
1013 2339 1171 2422 publicat.
1203 2340 1268 2404 His
1283 2344 1417 2414 rebus4

329 2446 488 2511 coniectis
507 2447 541 2510 in
557 2444 696 2511 concilio
711 2445 908 2529 pronuntiat
920 2447 929 2476 ‘
941 2445 1135 2535 arcessitum
1150 2464 1189 2509 ne
1202 2464 1224 2509 a
1238 2444 1387 2510 Senoni-

331 2551 394 2614 bus
422 2560 457 2615 et
487 2548 689 2615 Carnutibus
718 2548 857 2632 aliisque
886 2522 1116 2631 compirifibus
1145 2547 1276 2614 Galliae
1302 2551 1387 2615 civi-

330 2653 477 2731 tatibus;
491 2652 557 2719 huc
573 2654 695 2718 iturum
711 2672 770 2736 per
783 2652 867 2716 lines
885 2652 1068 2716 Remorum
1087 2672 1270 2736 eorumque
1284 2673 1387 2737 agros
1401 2676 1416 2724 5

330 2756 566 2840 populaturum
596 2776 646 2837 ac,
674 2756 867 2840 priusquam
899 2756 933 2820 id
971 2753 1079 2831 faciat,
1101 2765 1211 2820 castra
1239 2756 1389 2822 Labieni

331 2860 621 2943 oppugnaturum!
667 2859 763 2941 Quae
777 2858 848 2923 fieri
863 2858 952 2937 velit,
966 2860 1137 2941 praecipit.

377 2963 553 3044 Labienus,
576 2984 651 3027 cum
679 2973 712 3027 et
736 2962 801 3027 loci
827 2972 947 3027 natura
969 2971 1005 3027 et
1029 2982 1131 3028 manu
1155 2964 1389 3029 munitissimis
1402 2978 1444 3031 57

331 3069 448 3135 castris
478 3087 549 3131 sose
578 3075 716 3145 teneret,
742 3067 786 3130 de
815 3086 877 3130 suo
907 3086 947 3131 ac
968 3064 1108 3150 legionis
1130 3067 1276 3151 periculo
1301 3067 1388 3132 nihil

331 3172 494 3247 timebat3
516 3190 673 3254 nequam
692 3170 899 3235 occasionem
923 3171 970 3233 rei
985 3169 1071 3234 bene
1089 3174 1255 3253 gerendae
1271 3172 1387 3235 dimit-

331 3286 425 3355 teret,
449 3273 628 3363 cogitabat.
674 3273 793 3357 Itaque
813 3292 834 3337 a
857 3272 1068 3357 Cingetorige
1088 3284 1192 3356 atque
1212 3274 1284 3339 eius
1305 3294 1417 3358 pro-2

236 3453 240 3460 ⁴
331 3380 461 3463 pinquis
479 3380 629 3443 oratione
653 3377 871 3442 Indutiomari
894 3377 1037 3459 cognita,
1058 3398 1160 3460 quam
1183 3379 1218 3441 in
1241 3378 1386 3444 concilio

330 3484 502 3559 habuerat,
517 3482 650 3546 nuntios
665 3482 770 3545 mittit
783 3481 827 3545 ad
848 3480 1005 3545 finitimas
1019 3481 1170 3546 civitates
1188 3483 1388 3566 equitesque

332 3588 478 3671 undique
507 3595 648 3665 evocat;
682 3584 732 3648 his
765 3594 892 3648 certum
926 3585 1016 3649 diem
1046 3584 1261 3649 conveniendi
1290 3587 1385 3652 dicit.

333 3691 471 3755 Interim
486 3710 591 3774 prope
611 3688 734 3754 cotidie
755 3707 831 3753 cum
850 3688 941 3753 omni
961 3688 1111 3772 equitatu
1132 3688 1415 3759 indutiomaruss

364 3882 411 3929 be.
429 3882 443 3939 t
464 3892 486 3929 1.
510 3885 649 3929 umatum
668 3880 831 3929 oonolllnm.
882 3878 972 3928 armati
984 3879 1033 3939 (ita
1047 3892 1103 3927 mor
1116 3877 1197 3943 gentis
1209 3879 1274 3944 emt)
1287 3879 1314 3929 in
1325 3894 1382 3929 cun·

332 3944 380 4010 Cp.
396 3942 450 3994 Lir.
467 3946 518 3995 xxi.
533 3949 598 4005 aqi
618 3958 630 3994 1
649 3944 694 3994 ‘In
711 3944 752 3995 his
766 3960 833 3995 nova
882 3941 1113 3995 dunnvenerme’

332 4008 497 4075 terribilisque
516 4010 610 4075 species
628 4010 682 4060 visu
700 4017 745 4071 est,
765 4008 832 4075 qnod
916 4013 967 4073 53.
984 4023 1079 4068 supra.
1112 4011 1202 4074 Ma.
