2984 4992
129 511 216 578 801]
367 514 420 568 DE
442 514 565 566 BELLO
591 513 760 566 GALLlco.
810 515 951 567 lIB.1V
1124 523 1182 586 147

101 706 114 742 ι
130 685 229 757 portu
244 673 309 742 leni
323 686 425 744 vento
440 677 618 744 solverunt.
663 677 760 762 Quae
778 697 854 742 curn
875 677 1210 795 appropinquarentb
1193 678 1319 744 dispensa

130 778 322 846 Britanniae
357 791 392 846 et
423 801 467 846 ex
501 782 616 847 eastris
649 783 847 862 viderentur,
876 791 970 847 tanta
998 793 1181 866 tempestas
1192 745 1227 809 δ’
1237 753 1349 796 ’Μ’

130 883 241 949 subito
259 895 373 952 coorta
392 896 453 958 est,
469 895 506 950 ut
527 885 618 950 nulla
639 907 753 952 earum
773 907 904 951 cursum
924 895 1037 952 tenere
1056 896 1179 969 posset,

129 988 187 1052 sed
208 988 295 1055 aliae
313 991 445 1067 eodem,
459 991 548 1055 unde
569 1000 663 1055 erant
685 989 863 1074 proiectae,
877 990 1080 1064 referrentur,
1095 989 1180 1055 aliae

129 1093 172 1157 ad
200 1092 387 1158 inferiorem
417 1106 546 1177 partem
577 1095 714 1174 insulae,
738 1115 825 1178 quae
854 1104 906 1160 est
935 1095 1073 1179 propius
1101 1095 1180 1160 solis

100 1215 292 1276 roccasum,
319 1218 442 1282 magno
471 1200 523 1264 sui
552 1219 627 1264 cum
658 1197 803 1283 periculo
833 1200 1059 1274 deicerentur;
1094 1217 1181 1280 quae

130 1310 242 1366 tamen
261 1303 388 1367 ancoris
409 1302 503 1368 iactis
523 1323 598 1368 cum
620 1302 774 1368 fluctibus
795 1303 1047 1385 complerentur,
1065 1323 1179 1368 neces·

129 1403 216 1468 sario
249 1405 387 1470 adversa
417 1416 515 1472 nocte
543 1407 578 1471 in
607 1406 713 1472 altum
744 1419 922 1492 provectae
956 1407 1180 1472 coutinentem

129 1509 303 1592 petierunt.

62 1625 109 1680 29
175 1613 305 1679 Eadem
330 1624 428 1680 nocte
457 1615 588 1694 accidit,
619 1624 656 1679 ut
680 1624 768 1680 esset
792 1614 872 1680 luna
894 1615 1002 1698 plena,
1028 1615 1085 1698 qui
1108 1615 1180 1680 dies
1193 1623 1311 1673 Hissseet

130 1718 314 1784 maritimos
329 1729 440 1785 aestus
456 1720 622 1784 maximos
644 1720 676 1783 in
693 1720 828 1786 Oceano
849 1720 977 1784 efficere
999 1719 1178 1796 consuevit,
1191 1687 1324 1817 ‘g‘yffiffi

101 1822 316 1906 anostrisque
348 1823 381 1887 id
408 1833 478 1888 erat
508 1823 724 1906 incognitum.
782 1824 835 1889 Ita
865 1845 933 1889 uno
962 1833 1114 1907 tempore
1144 1819 1250 1888 attide·

129 1928 247 2010 longas
264 1947 373 2007 naves,
390 1927 510 2011 quibus
533 1925 656 1993 Caesar
679 1929 863 1993 exercitum
884 1929 1180 2010 transportandum

129 2041 304 2097 curaverat
324 2051 473 2116 quasque
496 2032 528 2097 in
554 2031 685 2098 aridum
711 2033 928 2111 subduxerat,
950 2043 1062 2097 aestus
1089 2052 1181 2097 com·

130 2135 288 2220 plevcrat,
304 2145 338 2200 et
360 2136 535 2212 onerarias,
550 2157 637 2220 quae
660 2138 702 2201 ad
726 2157 864 2201 ancoras
887 2145 981 2202 erant
1002 2136 1180 2218 deligatae,
1264 2156 1266 2159 ·

129 2249 314 2322 tempestas
343 2239 534 2321 afflictabat,
560 2261 668 2323 neque
698 2241 766 2306 ulla
800 2241 923 2306 nostris
951 2239 1091 2306 facultas
1120 2251 1180 2305 aut

98 2344 386 2415 tadministrandi
418 2355 478 2410 aut
513 2345 697 2411 auxiliandi
732 2347 884 2412 dabatur.
942 2343 1179 2427 Compluribus

129 2449 269 2514 navibus
284 2448 396 2514 fractis
411 2449 557 2533 reliquae
578 2469 655 2514 cum
674 2460 784 2515 essent
805 2449 948 2526 funibus,
963 2449 1091 2514 ancoris
1106 2448 1178 2512 reli-

128 2554 270 2637 quisque
299 2555 514 2619 armamentis
543 2554 673 2619 amissis
701 2556 743 2619 ad
783 2554 1008 2636 navigandum
1037 2552 1179 2632 inutiles,

128 2677 261 2742 magna,
283 2658 317 2722 id
341 2660 432 2740 quod
454 2677 589 2724 necesse
611 2668 682 2723 erat
704 2658 865 2734 accidere,
887 2657 990 2722 totius
1013 2657 1180 2722 exercitus

96 2762 336 2846 4perturbatio
363 2761 450 2826 facta
477 2773 537 2827 est.
583 2761 704 2845 Neque
729 2763 818 2826 enim
844 2781 945 2826 naves
967 2770 1062 2825 erant
1083 2761 1179 2835 aliae,

128 2867 251 2950 quibus
276 2867 436 2950 reportari
468 2874 612 2949 possent,
641 2875 675 2929 et
700 2866 815 2930 omnia
844 2865 992 2944 deerant,
1018 2885 1105 2948 quae
1135 2865 1179 2929 ad

127 2970 322 3036 reficiendas
337 2991 438 3035 naves
454 2979 547 3034 erant
566 2971 646 3048 usui,
662 2980 706 3041 et,
721 2970 812 3052 quod
831 2971 986 3035 omnibus
1004 2971 1180 3035 constabat

127 3075 270 3141 hiemari
294 3074 327 3138 in
354 3073 462 3140 Gallia
489 3085 652 3158 oportere,
678 3074 882 3139 frumentum
908 3074 960 3139 his
983 3075 1017 3139 in
1040 3074 1122 3138 locis
1144 3073 1179 3137 in

128 3181 274 3246 hiemem
290 3180 457 3261 provisum
472 3199 539 3243 non
555 3189 634 3245 erat.

64 3289 108 3344 80
175 3285 308 3369 Quibus
328 3286 427 3349 rebus
448 3284 589 3366 cognitis
614 3283 781 3368 principes
800 3283 1001 3360 Britanniae,
1023 3282 1081 3365 qui
1101 3289 1290 3406 postlla⁰11⁸

128 3389 292 3473 proelium
317 3389 362 3453 ad
389 3387 565 3452 Caesarem
592 3397 822 3466 convenerant,
845 3387 930 3451 inter
955 3407 990 3451 se
1014 3385 1177 3466 collocuti,
1169 3372 1337 3488 ,Ρψωζω

129 3513 206 3559 curn
234 3493 363 3575 equites
387 3502 422 3557 et
446 3512 546 3558 naves
571 3502 606 3557 et
635 3493 836 3556 frumentum
871 3491 1033 3555 Romanis
1061 3491 1178 3556 deesse
1154 3502 1330 3610 mm

129 3597 357 3680 intellegerent
378 3605 412 3660 et
439 3597 641 3678 paucitatem
665 3595 811 3660 militum
834 3615 878 3658 ex
901 3605 1083 3660 castrorum
1106 3595 1177 3659 exi·

127 3703 258 3786 guitate
280 3708 528 3784 cognoscerent,
543 3719 629 3782 quae
651 3699 715 3764 hoc
738 3708 832 3763 erant
854 3697 956 3762 etiam
976 3699 1177 3781 angustiora,

162 3895 215 3951 52.
232 3887 629 3947 memoratorium-teuto,
678 3901 701 3935 v.
724 3899 762 3950 19,
784 3888 835 3945 §a
860 3888 1045 3972 ‘magnacum
1067 3887 1178 3954 periculo

129 3961 171 4006 ‘at
187 3962 258 4020 great
274 3954 325 4003 risle
342 3959 369 4002 lo
385 3948 548 4002 themselves?
581 3951 629 4046 Cp.
677 3959 815 4002 nostrorum
827 3949 954 4016 equitum?

130 4037 169 4086 31,
180 4025 219 4082 §r
236 4017 628 4071 ‘exerentuuaviumsuarum.

624 4113 683 4168 La
