2984 4992
317 517 376 597 196
662 526 689 578 c.
716 526 814 577 marr
837 524 1026 579 cansnnrs
1261 522 1319 588 [co.
1332 520 1369 572 ⁶-

316 686 399 754 Erat
414 687 525 773 magni
542 688 677 772 periculi
699 710 751 753 res
768 686 907 753 tantulis
924 687 1030 772 copiis
1046 686 1160 769 iniquo
1176 685 1252 750 loco
1265 686 1398 749 dimi·6

315 812 410 871 care;
446 803 529 869 tum,
558 794 717 875 quoniam
746 794 921 857 obsidione
958 790 1138 857 liberatum
1169 788 1366 854 Ciceronem

315 896 450 978 sciebat,
468 916 577 979 aequo
595 898 711 962 animo
732 897 970 961 remittendum
992 894 1038 959 de
1056 892 1228 959 celeritate
1249 894 1367 957 existi-

148 1005 240 1055 ΟΜ
251 1004 284 1069 bt
316 1000 444 1065 mabat:
466 1002 620 1067 consedit
635 1010 678 1079 et,
693 1020 795 1083 quam
817 1001 1019 1082 aequissimo
1032 998 1108 1063 loco
1123 1007 1245 1080 potest,
1258 1007 1396 1067 castra?

147 1068 303 1249 lffffffisst,
316 1106 498 1200 communit
528 1115 630 1187 atque
659 1103 751 1181 haec,
781 1105 845 1169 etsi
875 1112 972 1168 erant
1001 1103 1126 1185 exigua
1149 1122 1210 1184 per
1238 1122 1284 1178 se,
1305 1102 1368 1165 vix

146 1199 258 1315 ξξξοῗῡ
316 1208 489 1273 hominum
504 1208 634 1274 milium
648 1218 780 1290 septem
799 1208 992 1290 praesertim
1012 1206 1112 1273 nullis
1126 1224 1203 1269 cum
1225 1205 1367 1287 impedi·

146 1331 275 1381 attnekon
317 1313 448 1388 mentis,
472 1322 584 1377 tamen
606 1313 770 1397 angustiis
789 1313 929 1391 viarum,
948 1330 1051 1394 quam
1074 1311 1225 1377 maxime
1246 1318 1369 1391 potest,

147 1396 278 1460 nisoemp.
316 1415 482 1481 contrahit
511 1436 553 1481 eo
582 1416 730 1498 consilio,
757 1425 796 1480 ut
825 1418 860 1480 in
889 1436 1056 1480 summam
1080 1415 1367 1497 contemptionem

315 1519 466 1585 hostibus
481 1521 602 1585 veniat.
637 1520 778 1587 Interim
793 1520 1055 1603 speculatoribus
1074 1520 1109 1583 in
1121 1538 1241 1583 omnes
1254 1528 1368 1601 partes
1381 1530 1398 1578 a

315 1626 460 1689 dimissis
494 1624 657 1708 explorat,
686 1646 755 1708 quo
789 1625 1060 1691 commodissime
1094 1625 1213 1689 itinere
1241 1622 1368 1687 vallem

314 1730 453 1792 transire
476 1730 590 1811 possit.
1294 1725 1297 1740 '

359 1830 412 1896 Eo
434 1832 490 1895 die
510 1833 654 1914 parvulis
677 1834 886 1916 equestribus
907 1830 1042 1915 proeliis
1062 1833 1106 1897 ad
1127 1851 1250 1914 aquam
1267 1831 1369 1896 saetis
1386 1847 1438 1901 50

314 1936 446 2017 utrique
467 1956 540 2001 sese
560 1957 621 2001 suo
643 1935 719 2001 loco
741 1938 932 2002 continent:
957 1935 1057 2015 Galli,
1071 1936 1164 2018 quod
1185 1935 1370 2017 ampliores
1383 1963 1419 2006 51

314 2040 438 2121 copias,
454 2059 540 2122 quae
556 2042 703 2106 nondum
715 2050 947 2122 convenerant,
959 2039 1215 2123 exspectabant;
1232 2038 1371 2121 Caesar}
1411 2065 1422 2114 3

314 2144 342 2207 sl
359 2142 442 2207 sorte
457 2146 587 2209 timoris
602 2144 815 2210 simulatione
830 2144 944 2210 hostes
959 2146 993 2209 in
1007 2166 1104 2209 suum
1120 2144 1230 2209 locum
1245 2145 1367 2209 elicere

315 2256 437 2330 posset,
452 2256 489 2311 ut
510 2250 595 2315 citra
616 2247 736 2314 vallem
755 2269 817 2332 pro
839 2251 955 2314 castris
978 2248 1106 2333 proelio
1127 2249 1367 2328 contenderet3
1392 2253 1401 2273 “

314 2352 343 2417 si
358 2352 393 2417 id
407 2352 535 2417 efficere
553 2374 619 2417 non
642 2362 765 2435 posset,
780 2364 818 2419 ut
838 2352 1022 2435 exploratis
1040 2353 1215 2418 itineribus
1237 2355 1367 2418 minore

314 2474 391 2521 cum
418 2458 564 2539 periculo
591 2456 712 2521 vallem
737 2458 912 2539 rivumque
936 2458 1099 2523 transiret.
1156 2456 1269 2521 Prima
1293 2457 1401 2526 luces

314 2558 462 2626 hostium
486 2563 655 2644 equitatus
679 2563 721 2627 ad
746 2572 855 2626 castra
880 2562 1012 2627 accedit
1034 2562 1264 2644 proeliumque
1290 2582 1368 2627 cum

315 2666 435 2729 nostris
466 2667 634 2749 equitibus
664 2668 857 2732 committit.
902 2666 1027 2731 Caesar
1055 2667 1208 2731 consulto
1236 2668 1399 2749 equitecs
1482 2685 1488 2704 ·

314 2770 431 2833 cedere
446 2789 548 2851 seque
563 2772 597 2833 in
614 2780 721 2843 castra
738 2772 884 2853 recipere
899 2770 1013 2851 iubet;
1035 2769 1134 2834 simul
1150 2790 1195 2834 ex
1211 2772 1370 2837 omnibus

315 2873 466 2953 partibus
492 2884 600 2939 castra
625 2875 742 2938 altiore
768 2874 857 2937 vallo
884 2876 1005 2939 muniri
1034 2885 1213 2957 portasque
1238 2876 1370 2971 onui
1385 2882 1418 2947 ts
1431 2850 1460 2918 ¹⁸³

315 2986 416 3058 atque
432 2978 466 3041 in
481 2978 534 3041 his
548 2978 819 3055 administrandis
837 2978 934 3043 rebus
949 2999 1051 3062 quam
1067 2980 1214 3043 maxime
1230 2999 1370 3063 concur-

138 3163 143 3178 ,
233 3110 265 3144 «.
314 3081 380 3169 sari
397 3090 431 3145 et
446 3100 522 3145 eum
537 3080 752 3147 simulatione
765 3084 821 3165 agi
837 3083 966 3146 timoris
981 3083 1083 3147 iubet.
1325 3068 1485 3173 'boumn‘

88 3190 130 3265 4'
189 3202 193 3209 ·
357 3183 489 3267 Quibus
504 3183 657 3250 omnibus
673 3187 771 3251 rebus
786 3185 899 3250 hostes
913 3186 1045 3251 invitati
1060 3186 1175 3269 copias
1187 3189 1371 3253 traducunt
1385 3204 1424 3259 51

158 3266 162 3275 ι
193 3296 198 3304 “
226 3270 238 3299 ²
313 3290 485 3372 aciemque
508 3290 622 3371 iniquo
642 3286 719 3355 loco
740 3292 956 3364 constituunt,
972 3293 1094 3355 nostris
1111 3311 1190 3355 vero
1206 3293 1310 3356 etiam
1325 3293 1400 3356 dea

313 3392 401 3457 vallo
416 3394 567 3458 deductis
583 3394 720 3475 propius
736 3396 901 3459 accedunt
915 3405 951 3461 et
965 3396 1034 3460 tela
1049 3396 1135 3461 intra
1147 3397 1371 3461 munitionem
1485 3451 1486 3472 ,

313 3516 358 3561 ex
379 3498 533 3562 omnibus
555 3498 706 3581 partibus
729 3498 898 3562 coniciunt
920 3498 1207 3579 praeconibusque
1225 3500 1371 3563 circum·
1484 3529 1485 3562 l

314 3602 422 3665 missis
439 3602 642 3684 pronuntiari
659 3601 785 3680 iubent,
801 3605 878 3665 ‘seu
893 3602 969 3685 quis
984 3600 1100 3666 Gallus
1116 3620 1175 3665 seu
1197 3600 1399 3676 Romanusa
1483 3599 1484 3656 l

313 3704 393 3768 velit
419 3715 497 3769 ante
520 3705 636 3770 horam
661 3706 795 3769 tertiam
821 3704 864 3768 ad
891 3725 927 3769 se
951 3705 1101 3781 transire,
1124 3706 1196 3769 sine
1219 3704 1369 3788 periculo
1482 3709 1483 3748 l

312 3806 430 3883 licere3
446 3818 521 3890 post
530 3809 565 3873 id
578 3818 711 3891 tempus
723 3828 790 3873 non
800 3808 870 3872 sore
880 3816 1081 3891 potestatem
1090 3804 1112 3885 ’3
1127 3827 1167 3871 ac
1178 3808 1226 3873 sic
1236 3816 1369 3872 nostros
1382 3838 1399 3887 4

375 4007 388 4064 ς
402 4012 424 4070 7.
445 4008 586 4063 manmit·
597 4008 716 4065 marum,
730 4005 777 4068 'by
788 4004 907 4070 reduciug
917 4004 959 4056 tbe
971 4002 1074 4056 breadth
1085 4004 1115 4055 ol
1123 4004 1165 4056 the
1175 4002 1297 4055 amand
