<?xml version="1.0" encoding="UTF-8"?>
<!DOCTYPE html PUBLIC "-//W3C//DTD XHTML 1.0 Transitional//EN"
    "http://www.w3.org/TR/xhtml1/DTD/xhtml1-transitional.dtd">
<html xmlns="http://www.w3.org/1999/xhtml" xml:lang="en" lang="en">
 <head>
  <title>
</title>
<meta http-equiv="Content-Type" content="text/html;charset=utf-8" />
  <meta name='ocr-system' content='tesseract 3.04.00' />
  <meta name='ocr-capabilities' content='ocr_page ocr_carea ocr_par ocr_line ocrx_word'/>
</head>
<body>
  <div class='ocr_page' id='page_1' title='image "./debellogallicob01stocgoog/debellogallicob01stocgoog_0530.png"; bbox 0 0 2984 4992; ppageno 0'>
   <div class='ocr_carea' id='block_1_1' title="bbox 331 545 1391 622">
    <p class='ocr_par' dir='ltr' id='par_1_1' title="bbox 331 545 1391 622">
     <span class='ocr_line' id='line_1_1' title="bbox 331 545 1391 622; baseline 0 -15"><span class='ocrx_word' id='word_1_1' title='bbox 331 545 395 607; x_wconf 81' lang='lat'><strong>266</strong></span> <span class='ocrx_word' id='word_1_2' title='bbox 681 555 710 606; x_wconf 82' lang='lat' dir='ltr'><strong>C.</strong></span> <span class='ocrx_word' id='word_1_3' title='bbox 734 554 832 606; x_wconf 84' lang='lat' dir='ltr'><em>IULI!</em></span> <span class='ocrx_word' id='word_1_4' title='bbox 854 554 1044 609; x_wconf 75' lang='lat' dir='ltr'><strong>CAESARIS</strong></span> <span class='ocrx_word' id='word_1_5' title='bbox 1281 556 1340 622; x_wconf 72' lang='lat'>[88.</span> <span class='ocrx_word' id='word_1_6' title='bbox 1355 572 1391 621; x_wconf 80' lang='lat'><strong>3-</strong></span> 
     </span>
    </p>
   </div>
   <div class='ocr_carea' id='block_1_2' title="bbox 164 716 1436 1838">
    <p class='ocr_par' dir='ltr' id='par_1_2' title="bbox 332 716 1418 1313">
     <span class='ocr_line' id='line_1_2' title="bbox 332 716 1388 803; baseline -0.001 -20"><span class='ocrx_word' id='word_1_7' title='bbox 332 719 392 783; x_wconf 88' lang='lat' dir='ltr'><strong>sed</strong></span> <span class='ocrx_word' id='word_1_8' title='bbox 419 716 552 800; x_wconf 84' lang='lat' dir='ltr'><strong>pan&#39;bus</strong></span> <span class='ocrx_word' id='word_1_9' title='bbox 580 716 789 783; x_wconf 80' lang='lat' dir='ltr'><strong>intermissae</strong></span> <span class='ocrx_word' id='word_1_10' title='bbox 813 718 929 803; x_wconf 88' lang='lat' dir='ltr'><strong>spatiis</strong></span> <span class='ocrx_word' id='word_1_11' title='bbox 955 717 1105 803; x_wconf 83' lang='lat' dir='ltr'><strong>singulae</strong></span> <span class='ocrx_word' id='word_1_12' title='bbox 1130 716 1267 801; x_wconf 86' lang='lat' dir='ltr'><strong>singulis</strong></span> <span class='ocrx_word' id='word_1_13' title='bbox 1291 717 1388 782; x_wconf 86' lang='lat' dir='ltr'><strong>saxis</strong></span> 
     </span>
     <span class='ocr_line' id='line_1_3' title="bbox 332 820 1418 905; baseline -0.002 -20"><span class='ocrx_word' id='word_1_14' title='bbox 332 821 508 886; x_wconf 88' lang='lat' dir='ltr'><strong>interiectis</strong></span> <span class='ocrx_word' id='word_1_15' title='bbox 531 830 604 885; x_wconf 86' lang='lat' dir='ltr'><strong>arte</strong></span> <span class='ocrx_word' id='word_1_16' title='bbox 626 822 868 887; x_wconf 83' lang='lat' dir='ltr'><strong>contineantur.</strong></span> <span class='ocrx_word' id='word_1_17' title='bbox 913 820 970 887; x_wconf 90' lang='lat' dir='ltr'><strong>Sic</strong></span> <span class='ocrx_word' id='word_1_18' title='bbox 994 823 1151 905; x_wconf 88' lang='lat' dir='ltr'><strong>deinceps</strong></span> <span class='ocrx_word' id='word_1_19' title='bbox 1175 840 1274 886; x_wconf 90' lang='lat' dir='ltr'><strong>omne</strong></span> <span class='ocrx_word' id='word_1_20' title='bbox 1298 828 1418 903; x_wconf 76' lang='lat' dir='ltr'><strong>opust</strong></span> 
     </span>
     <span class='ocr_line' id='line_1_4' title="bbox 333 923 1416 1009; baseline -0.006 -20"><span class='ocrx_word' id='word_1_21' title='bbox 333 926 529 1000; x_wconf 80' lang='lat' dir='ltr'><strong>contexitur,</strong></span> <span class='ocrx_word' id='word_1_22' title='bbox 559 925 641 989; x_wconf 92' lang='lat' dir='ltr'><strong>dum</strong></span> <span class='ocrx_word' id='word_1_23' title='bbox 671 926 758 990; x_wconf 89' lang='lat' dir='ltr'><strong>iusta</strong></span> <span class='ocrx_word' id='word_1_24' title='bbox 789 928 872 989; x_wconf 90' lang='lat' dir='ltr'><strong>muri</strong></span> <span class='ocrx_word' id='word_1_25' title='bbox 902 927 1044 991; x_wconf 90' lang='lat' dir='ltr'><strong>altitudo</strong></span> <span class='ocrx_word' id='word_1_26' title='bbox 1074 923 1259 1009; x_wconf 78' lang='lat' dir='ltr'><strong>expleatur.</strong></span> <span class='ocrx_word' id='word_1_27' title='bbox 1306 924 1416 989; x_wconf 74' lang='lat' dir='ltr'><strong>Hocs</strong></span> 
     </span>
     <span class='ocr_line' id='line_1_5' title="bbox 332 1028 1389 1113; baseline -0.003 -19"><span class='ocrx_word' id='word_1_28' title='bbox 332 1049 410 1094; x_wconf 89' lang='lat' dir='ltr'><strong>eum</strong></span> <span class='ocrx_word' id='word_1_29' title='bbox 436 1029 639 1111; x_wconf 86' lang='lat' dir='ltr'><strong>inspeciem</strong></span> <span class='ocrx_word' id='word_1_30' title='bbox 662 1029 926 1111; x_wconf 84' lang='lat' dir='ltr'><strong>varietatemque</strong></span> <span class='ocrx_word' id='word_1_31' title='bbox 952 1050 1037 1113; x_wconf 90' lang='lat' dir='ltr'><strong>opus</strong></span> <span class='ocrx_word' id='word_1_32' title='bbox 1064 1028 1215 1094; x_wconf 79' lang='lat' dir='ltr'><strong>deforme</strong></span> <span class='ocrx_word' id='word_1_33' title='bbox 1241 1048 1309 1091; x_wconf 91' lang='lat' dir='ltr'><strong>non</strong></span> <span class='ocrx_word' id='word_1_34' title='bbox 1332 1039 1389 1092; x_wconf 76' lang='lat' dir='ltr'><strong>est</strong></span> 
     </span>
     <span class='ocr_line' id='line_1_6' title="bbox 332 1132 1388 1215; baseline -0.003 -19"><span class='ocrx_word' id='word_1_35' title='bbox 332 1132 467 1197; x_wconf 90' lang='lat' dir='ltr'><strong>alternis</strong></span> <span class='ocrx_word' id='word_1_36' title='bbox 481 1132 631 1197; x_wconf 86' lang='lat' dir='ltr'><strong>trabibus</strong></span> <span class='ocrx_word' id='word_1_37' title='bbox 646 1152 685 1196; x_wconf 93' lang='lat' dir='ltr'><strong>ac</strong></span> <span class='ocrx_word' id='word_1_38' title='bbox 699 1133 801 1206; x_wconf 85' lang='lat' dir='ltr'><strong>saxis,</strong></span> <span class='ocrx_word' id='word_1_39' title='bbox 816 1152 903 1215; x_wconf 92' lang='lat' dir='ltr'><strong>quae</strong></span> <span class='ocrx_word' id='word_1_40' title='bbox 922 1134 1018 1198; x_wconf 88' lang='lat' dir='ltr'><strong>rectis</strong></span> <span class='ocrx_word' id='word_1_41' title='bbox 1038 1132 1131 1197; x_wconf 92' lang='lat' dir='ltr'><strong>lineis</strong></span> <span class='ocrx_word' id='word_1_42' title='bbox 1151 1152 1229 1196; x_wconf 92' lang='lat' dir='ltr'><strong>suos</strong></span> <span class='ocrx_word' id='word_1_43' title='bbox 1249 1132 1388 1197; x_wconf 89' lang='lat' dir='ltr'><strong>ordines</strong></span> 
     </span>
     <span class='ocr_line' id='line_1_7' title="bbox 332 1235 1387 1313; baseline -0.004 -11"><span class='ocrx_word' id='word_1_44' title='bbox 332 1244 476 1313; x_wconf 85' lang='lat' dir='ltr'><strong>servant,</strong></span> <span class='ocrx_word' id='word_1_45' title='bbox 490 1247 565 1302; x_wconf 86' lang='lat' dir='ltr'><strong>turn</strong></span> <span class='ocrx_word' id='word_1_46' title='bbox 584 1238 628 1301; x_wconf 91' lang='lat' dir='ltr'><strong>ad</strong></span> <span class='ocrx_word' id='word_1_47' title='bbox 648 1235 825 1301; x_wconf 82' lang='lat' dir='ltr'><strong>utilitatem</strong></span> <span class='ocrx_word' id='word_1_48' title='bbox 848 1244 882 1301; x_wconf 87' lang='lat' dir='ltr'><strong>et</strong></span> <span class='ocrx_word' id='word_1_49' title='bbox 899 1235 1124 1301; x_wconf 84' lang='lat' dir='ltr'><strong>defensionem</strong></span> <span class='ocrx_word' id='word_1_50' title='bbox 1144 1237 1275 1301; x_wconf 92' lang='lat' dir='ltr'><strong>urbium</strong></span> <span class='ocrx_word' id='word_1_51' title='bbox 1292 1255 1387 1299; x_wconf 90' lang='lat' dir='ltr'><strong>sum-</strong></span> 
     </span>
    </p>

    <p class='ocr_par' dir='ltr' id='par_1_3' title="bbox 227 1338 1387 1735">
     <span class='ocr_line' id='line_1_8' title="bbox 227 1338 1387 1424; baseline -0.003 -19"><span class='ocrx_word' id='word_1_52' title='bbox 227 1347 229 1350; x_wconf 82' lang='grc'><strong>’</strong></span> <span class='ocrx_word' id='word_1_53' title='bbox 333 1360 423 1405; x_wconf 89' lang='lat' dir='ltr'><strong>marn</strong></span> <span class='ocrx_word' id='word_1_54' title='bbox 446 1340 548 1404; x_wconf 92' lang='lat' dir='ltr'><strong>habet</strong></span> <span class='ocrx_word' id='word_1_55' title='bbox 573 1340 868 1423; x_wconf 89' lang='lat' dir='ltr'><strong>opportunitatem,</strong></span> <span class='ocrx_word' id='word_1_56' title='bbox 890 1342 981 1424; x_wconf 92' lang='lat' dir='ltr'><strong>quod</strong></span> <span class='ocrx_word' id='word_1_57' title='bbox 1004 1350 1037 1405; x_wconf 90' lang='lat' dir='ltr'><strong>et</strong></span> <span class='ocrx_word' id='word_1_58' title='bbox 1059 1341 1102 1405; x_wconf 95' lang='lat' dir='ltr'><strong>ab</strong></span> <span class='ocrx_word' id='word_1_59' title='bbox 1124 1340 1277 1404; x_wconf 89' lang='lat' dir='ltr'><strong>incendio</strong></span> <span class='ocrx_word' id='word_1_60' title='bbox 1299 1338 1387 1421; x_wconf 87' lang='lat' dir='ltr'><strong>lapis</strong></span> 
     </span>
     <span class='ocr_line' id='line_1_9' title="bbox 332 1442 1387 1527; baseline -0.003 -19"><span class='ocrx_word' id='word_1_61' title='bbox 332 1452 369 1508; x_wconf 90' lang='lat' dir='ltr'><strong>et</strong></span> <span class='ocrx_word' id='word_1_62' title='bbox 392 1444 439 1508; x_wconf 90' lang='lat' dir='ltr'><strong>ab</strong></span> <span class='ocrx_word' id='word_1_63' title='bbox 461 1444 564 1508; x_wconf 87' lang='lat' dir='ltr'><strong>ariete</strong></span> <span class='ocrx_word' id='word_1_64' title='bbox 586 1443 726 1507; x_wconf 87' lang='lat' dir='ltr'><strong>materia</strong></span> <span class='ocrx_word' id='word_1_65' title='bbox 751 1442 909 1521; x_wconf 80' lang='lat' dir='ltr'><strong>defendit,</strong></span> <span class='ocrx_word' id='word_1_66' title='bbox 931 1464 1017 1527; x_wconf 89' lang='lat' dir='ltr'><strong>quae</strong></span> <span class='ocrx_word' id='word_1_67' title='bbox 1039 1444 1209 1526; x_wconf 88' lang='lat' dir='ltr'><strong>perpetuis</strong></span> <span class='ocrx_word' id='word_1_68' title='bbox 1230 1443 1387 1506; x_wconf 84' lang='lat' dir='ltr'><strong>trabibus</strong></span> 
     </span>
     <span class='ocr_line' id='line_1_10' title="bbox 334 1545 1387 1632; baseline -0.003 -20"><span class='ocrx_word' id='word_1_69' title='bbox 334 1549 436 1632; x_wconf 91' lang='lat' dir='ltr'><strong>pedes</strong></span> <span class='ocrx_word' id='word_1_70' title='bbox 458 1547 689 1630; x_wconf 87' lang='lat' dir='ltr'><strong>quadragenos</strong></span> <span class='ocrx_word' id='word_1_71' title='bbox 711 1545 906 1630; x_wconf 90' lang='lat' dir='ltr'><strong>plerumque</strong></span> <span class='ocrx_word' id='word_1_72' title='bbox 928 1548 1086 1613; x_wconf 86' lang='lat' dir='ltr'><strong>introrsus</strong></span> <span class='ocrx_word' id='word_1_73' title='bbox 1109 1547 1253 1611; x_wconf 89' lang='lat' dir='ltr'><strong>revincta</strong></span> <span class='ocrx_word' id='word_1_74' title='bbox 1274 1566 1387 1629; x_wconf 87' lang='lat' dir='ltr'><strong>neque</strong></span> 
     </span>
     <span class='ocr_line' id='line_1_11' title="bbox 333 1648 911 1735; baseline -0.003 -20"><span class='ocrx_word' id='word_1_75' title='bbox 333 1652 501 1735; x_wconf 88' lang='lat' dir='ltr'><strong>perrumpi</strong></span> <span class='ocrx_word' id='word_1_76' title='bbox 516 1670 624 1733; x_wconf 88' lang='lat' dir='ltr'><strong>neque</strong></span> <span class='ocrx_word' id='word_1_77' title='bbox 637 1648 776 1715; x_wconf 85' lang='lat' dir='ltr'><strong>distrahi</strong></span> <span class='ocrx_word' id='word_1_78' title='bbox 791 1660 911 1732; x_wconf 83' lang='lat' dir='ltr'><strong>potest</strong></span> 
     </span>
    </p>

    <p class='ocr_par' dir='ltr' id='par_1_4' title="bbox 164 1753 1436 1838">
     <span class='ocr_line' id='line_1_12' title="bbox 164 1753 1436 1838; baseline -0.006 -18"><span class='ocrx_word' id='word_1_79' title='bbox 164 1772 220 1820; x_wconf 74' lang='lat' dir='ltr'><strong>&#39;rue</strong></span> <span class='ocrx_word' id='word_1_80' title='bbox 232 1772 274 1821; x_wconf 61' lang='lat' dir='ltr'><strong>be</strong></span> <span class='ocrx_word' id='word_1_81' title='bbox 380 1755 446 1818; x_wconf 88' lang='lat' dir='ltr'><strong>His</strong></span> <span class='ocrx_word' id='word_1_82' title='bbox 474 1764 526 1820; x_wconf 91' lang='lat' dir='ltr'><strong>tot</strong></span> <span class='ocrx_word' id='word_1_83' title='bbox 554 1755 652 1819; x_wconf 88' lang='lat' dir='ltr'><strong>rebus</strong></span> <span class='ocrx_word' id='word_1_84' title='bbox 681 1754 843 1836; x_wconf 89' lang='lat' dir='ltr'><strong>impedita</strong></span> <span class='ocrx_word' id='word_1_85' title='bbox 870 1754 1117 1838; x_wconf 84' lang='lat' dir='ltr'><strong>oppugnatione</strong></span> <span class='ocrx_word' id='word_1_86' title='bbox 1148 1753 1279 1832; x_wconf 88' lang='lat' dir='ltr'><strong>milites,</strong></span> <span class='ocrx_word' id='word_1_87' title='bbox 1306 1773 1384 1818; x_wconf 87' lang='lat' dir='ltr'><strong>cum</strong></span> <span class='ocrx_word' id='word_1_88' title='bbox 1398 1758 1436 1812; x_wconf 78' lang='lat'><strong>24</strong></span> 
     </span>
    </p>
   </div>
   <div class='ocr_carea' id='block_1_3' title="bbox 165 1836 1385 1951">
    <p class='ocr_par' dir='ltr' id='par_1_5' title="bbox 165 1836 1385 1951">
     <span class='ocr_line' id='line_1_13' title="bbox 165 1836 1385 1951; baseline -0.005 -24"><span class='ocrx_word' id='word_1_89' title='bbox 165 1836 300 1951; x_wconf 43' lang='grc' dir='ltr'><strong>ξξξξξὶῖξ</strong></span> <span class='ocrx_word' id='word_1_90' title='bbox 334 1868 407 1923; x_wconf 93' lang='lat' dir='ltr'><strong>toto</strong></span> <span class='ocrx_word' id='word_1_91' title='bbox 432 1868 585 1941; x_wconf 88' lang='lat' dir='ltr'><strong>tempore</strong></span> <span class='ocrx_word' id='word_1_92' title='bbox 610 1857 732 1940; x_wconf 86' lang='lat' dir='ltr'><strong>frigore</strong></span> <span class='ocrx_word' id='word_1_93' title='bbox 756 1868 791 1923; x_wconf 91' lang='lat' dir='ltr'><strong>et</strong></span> <span class='ocrx_word' id='word_1_94' title='bbox 814 1858 954 1923; x_wconf 89' lang='lat' dir='ltr'><strong>assiduis</strong></span> <span class='ocrx_word' id='word_1_95' title='bbox 980 1858 1137 1922; x_wconf 89' lang='lat' dir='ltr'><strong>imbribus</strong></span> <span class='ocrx_word' id='word_1_96' title='bbox 1162 1859 1385 1933; x_wconf 88' lang='lat' dir='ltr'><strong>tardarentur,</strong></span> 
     </span>
    </p>
   </div>
   <div class='ocr_carea' id='block_1_4' title="bbox 166 1959 1384 2043">
    <p class='ocr_par' dir='ltr' id='par_1_6' title="bbox 166 1959 1384 2043">
     <span class='ocr_line' id='line_1_14' title="bbox 166 1959 1384 2043; baseline -0.001 -16"><span class='ocrx_word' id='word_1_97' title='bbox 166 1968 263 2015; x_wconf 69' lang='lat' dir='ltr'><strong>Romu</strong></span> <span class='ocrx_word' id='word_1_98' title='bbox 334 1973 449 2027; x_wconf 88' lang='lat' dir='ltr'><strong>tamen</strong></span> <span class='ocrx_word' id='word_1_99' title='bbox 477 1961 659 2025; x_wconf 89' lang='lat' dir='ltr'><strong>continenti</strong></span> <span class='ocrx_word' id='word_1_100' title='bbox 691 1959 804 2026; x_wconf 91' lang='lat' dir='ltr'><strong>labore</strong></span> <span class='ocrx_word' id='word_1_101' title='bbox 832 1962 945 2025; x_wconf 88' lang='lat' dir='ltr'><strong>omnia</strong></span> <span class='ocrx_word' id='word_1_102' title='bbox 974 1963 1055 2027; x_wconf 87' lang='lat' dir='ltr'><strong>haec</strong></span> <span class='ocrx_word' id='word_1_103' title='bbox 1085 1972 1323 2043; x_wconf 88' lang='lat' dir='ltr'><strong>superaverunt</strong></span> <span class='ocrx_word' id='word_1_104' title='bbox 1349 1972 1384 2026; x_wconf 92' lang='lat' dir='ltr'><strong>et</strong></span> 
     </span>
    </p>
   </div>
   <div class='ocr_carea' id='block_1_5' title="bbox 164 2033 1384 2153">
    <p class='ocr_par' dir='ltr' id='par_1_7' title="bbox 164 2033 1384 2153">
     <span class='ocr_line' id='line_1_15' title="bbox 164 2033 1384 2153; baseline -0.001 -23"><span class='ocrx_word' id='word_1_105' title='bbox 164 2033 306 2148; x_wconf 39' lang='lat' dir='ltr'><strong>:guespae</strong></span> <span class='ocrx_word' id='word_1_106' title='bbox 334 2066 453 2130; x_wconf 89' lang='lat' dir='ltr'><strong>diebus</strong></span> <span class='ocrx_word' id='word_1_107' title='bbox 482 2078 561 2128; x_wconf 84' lang='lat' dir='ltr'><strong>xxv</strong></span> <span class='ocrx_word' id='word_1_108' title='bbox 587 2084 744 2148; x_wconf 85' lang='lat' dir='ltr'><strong>aggerem</strong></span> <span class='ocrx_word' id='word_1_109' title='bbox 774 2061 910 2153; x_wconf 89' lang='lat' dir='ltr'><strong>[latum]</strong></span> <span class='ocrx_word' id='word_1_110' title='bbox 937 2067 1040 2147; x_wconf 91' lang='lat' dir='ltr'><strong>pedes</strong></span> <span class='ocrx_word' id='word_1_111' title='bbox 1066 2078 1215 2130; x_wconf 81' lang='lat' dir='ltr'><strong>cccxxx</strong></span> <span class='ocrx_word' id='word_1_112' title='bbox 1239 2064 1384 2147; x_wconf 63' lang='lat' dir='ltr'><strong>loegum,</strong></span> 
     </span>
    </p>
   </div>
   <div class='ocr_carea' id='block_1_6' title="bbox 163 2164 1483 3605">
    <p class='ocr_par' dir='ltr' id='par_1_8' title="bbox 163 2164 1483 3605">
     <span class='ocr_line' id='line_1_16' title="bbox 164 2164 1411 2252; baseline -0.002 -18"><span class='ocrx_word' id='word_1_113' title='bbox 164 2164 317 2213; x_wconf 68' lang='lat' dir='ltr'><strong>determinat</strong></span> <span class='ocrx_word' id='word_1_114' title='bbox 332 2170 438 2234; x_wconf 89' lang='lat' dir='ltr'><strong>altum</strong></span> <span class='ocrx_word' id='word_1_115' title='bbox 476 2169 579 2252; x_wconf 89' lang='lat' dir='ltr'><strong>pedes</strong></span> <span class='ocrx_word' id='word_1_116' title='bbox 616 2181 719 2231; x_wconf 83' lang='lat' dir='ltr'><strong>Lxxx</strong></span> <span class='ocrx_word' id='word_1_117' title='bbox 756 2178 1003 2234; x_wconf 83' lang='lat' dir='ltr'><strong>exstruxerunt.</strong></span> <span class='ocrx_word' id='word_1_118' title='bbox 1057 2168 1143 2233; x_wconf 90' lang='lat' dir='ltr'><strong>Cum</strong></span> <span class='ocrx_word' id='word_1_119' title='bbox 1180 2168 1209 2232; x_wconf 90' lang='lat' dir='ltr'><strong>is</strong></span> <span class='ocrx_word' id='word_1_120' title='bbox 1250 2188 1411 2233; x_wconf 78' lang='lat' dir='ltr'><strong>murum²</strong></span> 
     </span>
     <span class='ocr_line' id='line_1_17' title="bbox 163 2230 1383 2357; baseline -0.002 -20"><span class='ocrx_word' id='word_1_121' title='bbox 163 2230 236 2293; x_wconf 43' lang='grc' dir='ltr'><strong>ψ’</strong></span> <span class='ocrx_word' id='word_1_122' title='bbox 304 2273 479 2357; x_wconf 28' lang='lat' dir='ltr'><strong>‘hostium</strong></span> <span class='ocrx_word' id='word_1_123' title='bbox 509 2292 616 2355; x_wconf 89' lang='lat' dir='ltr'><strong>paene</strong></span> <span class='ocrx_word' id='word_1_124' title='bbox 645 2273 862 2356; x_wconf 89' lang='lat' dir='ltr'><strong>contingeret,</strong></span> <span class='ocrx_word' id='word_1_125' title='bbox 893 2281 927 2337; x_wconf 90' lang='lat' dir='ltr'><strong>et</strong></span> <span class='ocrx_word' id='word_1_126' title='bbox 957 2272 1079 2338; x_wconf 85' lang='lat' dir='ltr'><strong>Caesar</strong></span> <span class='ocrx_word' id='word_1_127' title='bbox 1106 2272 1150 2335; x_wconf 86' lang='lat' dir='ltr'><strong>ad</strong></span> <span class='ocrx_word' id='word_1_128' title='bbox 1187 2293 1273 2356; x_wconf 89' lang='lat' dir='ltr'><strong>opus</strong></span> <span class='ocrx_word' id='word_1_129' title='bbox 1303 2292 1383 2337; x_wconf 92' lang='lat' dir='ltr'><strong>con·</strong></span> 
     </span>
     <span class='ocr_line' id='line_1_18' title="bbox 332 2376 1381 2460; baseline -0.002 -19"><span class='ocrx_word' id='word_1_130' title='bbox 332 2378 505 2442; x_wconf 88' lang='lat' dir='ltr'><strong>suetudine</strong></span> <span class='ocrx_word' id='word_1_131' title='bbox 542 2377 725 2441; x_wconf 85' lang='lat' dir='ltr'><strong>excubaret</strong></span> <span class='ocrx_word' id='word_1_132' title='bbox 758 2377 946 2460; x_wconf 90' lang='lat' dir='ltr'><strong>militesque</strong></span> <span class='ocrx_word' id='word_1_133' title='bbox 978 2376 1175 2451; x_wconf 85' lang='lat' dir='ltr'><strong>hortaretur,</strong></span> <span class='ocrx_word' id='word_1_134' title='bbox 1208 2396 1252 2441; x_wconf 91' lang='lat' dir='ltr'><strong>ne</strong></span> <span class='ocrx_word' id='word_1_135' title='bbox 1290 2378 1381 2459; x_wconf 93' lang='lat' dir='ltr'><strong>quod</strong></span> 
     </span>
     <span class='ocr_line' id='line_1_19' title="bbox 332 2478 1381 2564; baseline -0.005 -17"><span class='ocrx_word' id='word_1_136' title='bbox 332 2482 472 2547; x_wconf 91' lang='lat' dir='ltr'><strong>omnino</strong></span> <span class='ocrx_word' id='word_1_137' title='bbox 499 2491 632 2563; x_wconf 89' lang='lat' dir='ltr'><strong>tempus</strong></span> <span class='ocrx_word' id='word_1_138' title='bbox 661 2480 705 2545; x_wconf 89' lang='lat' dir='ltr'><strong>ab</strong></span> <span class='ocrx_word' id='word_1_139' title='bbox 734 2500 835 2564; x_wconf 88' lang='lat' dir='ltr'><strong>opere</strong></span> <span class='ocrx_word' id='word_1_140' title='bbox 863 2482 1144 2559; x_wconf 88' lang='lat' dir='ltr'><strong>intermitteretur,</strong></span> <span class='ocrx_word' id='word_1_141' title='bbox 1171 2478 1273 2563; x_wconf 90' lang='lat' dir='ltr'><strong>paulo</strong></span> <span class='ocrx_word' id='word_1_142' title='bbox 1303 2490 1381 2543; x_wconf 88' lang='lat' dir='ltr'><strong>ante</strong></span> 
     </span>
     <span class='ocr_line' id='line_1_20' title="bbox 332 2584 1380 2669; baseline -0.002 -18"><span class='ocrx_word' id='word_1_143' title='bbox 332 2587 467 2652; x_wconf 90' lang='lat' dir='ltr'><strong>tertiam</strong></span> <span class='ocrx_word' id='word_1_144' title='bbox 499 2585 647 2669; x_wconf 87' lang='lat' dir='ltr'><strong>vigiliam</strong></span> <span class='ocrx_word' id='word_1_145' title='bbox 677 2596 730 2649; x_wconf 91' lang='lat' dir='ltr'><strong>est</strong></span> <span class='ocrx_word' id='word_1_146' title='bbox 758 2586 1024 2651; x_wconf 87' lang='lat' dir='ltr'><strong>animadversum</strong></span> <span class='ocrx_word' id='word_1_147' title='bbox 1057 2584 1184 2649; x_wconf 89' lang='lat' dir='ltr'><strong>fumare</strong></span> <span class='ocrx_word' id='word_1_148' title='bbox 1213 2604 1380 2668; x_wconf 87' lang='lat' dir='ltr'><strong>aggerem,</strong></span> 
     </span>
     <span class='ocr_line' id='line_1_21' title="bbox 332 2688 1409 2773; baseline -0.002 -20"><span class='ocrx_word' id='word_1_149' title='bbox 332 2710 431 2773; x_wconf 91' lang='lat' dir='ltr'><strong>quem</strong></span> <span class='ocrx_word' id='word_1_150' title='bbox 454 2689 605 2755; x_wconf 90' lang='lat' dir='ltr'><strong>cuniculo</strong></span> <span class='ocrx_word' id='word_1_151' title='bbox 624 2688 738 2753; x_wconf 88' lang='lat' dir='ltr'><strong>hostes</strong></span> <span class='ocrx_word' id='word_1_152' title='bbox 758 2689 1005 2766; x_wconf 89' lang='lat' dir='ltr'><strong>succenderant,</strong></span> <span class='ocrx_word' id='word_1_153' title='bbox 1025 2691 1209 2771; x_wconf 91' lang='lat' dir='ltr'><strong>eodemque</strong></span> <span class='ocrx_word' id='word_1_154' title='bbox 1230 2698 1409 2773; x_wconf 78' lang='lat' dir='ltr'><strong>tempores</strong></span> 
     </span>
     <span class='ocr_line' id='line_1_22' title="bbox 331 2792 1381 2876; baseline -0.003 -19"><span class='ocrx_word' id='word_1_155' title='bbox 331 2802 405 2857; x_wconf 93' lang='lat' dir='ltr'><strong>toto</strong></span> <span class='ocrx_word' id='word_1_156' title='bbox 436 2813 530 2856; x_wconf 91' lang='lat' dir='ltr'><strong>muro</strong></span> <span class='ocrx_word' id='word_1_157' title='bbox 560 2793 704 2857; x_wconf 90' lang='lat' dir='ltr'><strong>clamore</strong></span> <span class='ocrx_word' id='word_1_158' title='bbox 730 2792 862 2857; x_wconf 87' lang='lat' dir='ltr'><strong>sublato</strong></span> <span class='ocrx_word' id='word_1_159' title='bbox 888 2793 1019 2857; x_wconf 88' lang='lat' dir='ltr'><strong>duabus</strong></span> <span class='ocrx_word' id='word_1_160' title='bbox 1041 2794 1146 2876; x_wconf 91' lang='lat' dir='ltr'><strong>portis</strong></span> <span class='ocrx_word' id='word_1_161' title='bbox 1169 2793 1213 2857; x_wconf 91' lang='lat' dir='ltr'><strong>ab</strong></span> <span class='ocrx_word' id='word_1_162' title='bbox 1240 2804 1381 2875; x_wconf 92' lang='lat' dir='ltr'><strong>utroque</strong></span> 
     </span>
     <span class='ocr_line' id='line_1_23' title="bbox 331 2896 1407 2979; baseline -0.001 -18"><span class='ocrx_word' id='word_1_163' title='bbox 331 2897 434 2962; x_wconf 88' lang='lat' dir='ltr'><strong>latere</strong></span> <span class='ocrx_word' id='word_1_164' title='bbox 456 2897 596 2960; x_wconf 90' lang='lat' dir='ltr'><strong>turrium</strong></span> <span class='ocrx_word' id='word_1_165' title='bbox 619 2898 750 2979; x_wconf 90' lang='lat' dir='ltr'><strong>eruptio</strong></span> <span class='ocrx_word' id='word_1_166' title='bbox 772 2896 883 2963; x_wconf 87' lang='lat' dir='ltr'><strong>fiebat.</strong></span> <span class='ocrx_word' id='word_1_167' title='bbox 930 2896 998 2961; x_wconf 91' lang='lat' dir='ltr'><strong>Alii</strong></span> <span class='ocrx_word' id='word_1_168' title='bbox 1019 2897 1107 2961; x_wconf 89' lang='lat' dir='ltr'><strong>faces</strong></span> <span class='ocrx_word' id='word_1_169' title='bbox 1129 2906 1231 2979; x_wconf 86' lang='lat' dir='ltr'><strong>atque</strong></span> <span class='ocrx_word' id='word_1_170' title='bbox 1254 2898 1407 2962; x_wconf 77' lang='lat' dir='ltr'><strong>aridamt</strong></span> 
     </span>
     <span class='ocr_line' id='line_1_24' title="bbox 331 3000 1378 3085; baseline -0.003 -19"><span class='ocrx_word' id='word_1_171' title='bbox 331 3001 503 3066; x_wconf 88' lang='lat' dir='ltr'><strong>materiem</strong></span> <span class='ocrx_word' id='word_1_172' title='bbox 523 3002 681 3066; x_wconf 82' lang='lat' dir='ltr'><strong>demuto</strong></span> <span class='ocrx_word' id='word_1_173' title='bbox 701 3001 734 3064; x_wconf 94' lang='lat' dir='ltr'><strong>in</strong></span> <span class='ocrx_word' id='word_1_174' title='bbox 755 3020 912 3085; x_wconf 89' lang='lat' dir='ltr'><strong>aggerem</strong></span> <span class='ocrx_word' id='word_1_175' title='bbox 932 3001 1058 3065; x_wconf 89' lang='lat' dir='ltr'><strong>eminus</strong></span> <span class='ocrx_word' id='word_1_176' title='bbox 1078 3000 1251 3077; x_wconf 89' lang='lat' dir='ltr'><strong>iaciebant,</strong></span> <span class='ocrx_word' id='word_1_177' title='bbox 1272 3002 1378 3082; x_wconf 90' lang='lat' dir='ltr'><strong>picem</strong></span> 
     </span>
     <span class='ocr_line' id='line_1_25' title="bbox 331 3104 1379 3189; baseline -0.005 -17"><span class='ocrx_word' id='word_1_178' title='bbox 331 3106 539 3189; x_wconf 89' lang='lat' dir='ltr'><strong>reliquasque</strong></span> <span class='ocrx_word' id='word_1_179' title='bbox 561 3125 621 3180; x_wconf 74' lang='lat' dir='ltr'><strong>rea,</strong></span> <span class='ocrx_word' id='word_1_180' title='bbox 641 3105 762 3188; x_wconf 91' lang='lat' dir='ltr'><strong>quibus</strong></span> <span class='ocrx_word' id='word_1_181' title='bbox 783 3106 868 3188; x_wconf 89' lang='lat' dir='ltr'><strong>iguis</strong></span> <span class='ocrx_word' id='word_1_182' title='bbox 888 3106 1024 3170; x_wconf 88' lang='lat' dir='ltr'><strong>excitari</strong></span> <span class='ocrx_word' id='word_1_183' title='bbox 1046 3114 1165 3189; x_wconf 92' lang='lat' dir='ltr'><strong>potest,</strong></span> <span class='ocrx_word' id='word_1_184' title='bbox 1185 3104 1379 3181; x_wconf 89' lang='lat' dir='ltr'><strong>fundebant,</strong></span> 
     </span>
     <span class='ocr_line' id='line_1_26' title="bbox 331 3207 1378 3293; baseline -0.002 -20"><span class='ocrx_word' id='word_1_185' title='bbox 331 3220 377 3287; x_wconf 87' lang='lat' dir='ltr'><strong>ut,</strong></span> <span class='ocrx_word' id='word_1_186' title='bbox 390 3229 457 3293; x_wconf 94' lang='lat' dir='ltr'><strong>quo</strong></span> <span class='ocrx_word' id='word_1_187' title='bbox 472 3208 615 3292; x_wconf 86' lang='lat' dir='ltr'><strong>primurn</strong></span> <span class='ocrx_word' id='word_1_188' title='bbox 631 3218 814 3272; x_wconf 89' lang='lat' dir='ltr'><strong>curreretur</strong></span> <span class='ocrx_word' id='word_1_189' title='bbox 832 3218 890 3271; x_wconf 91' lang='lat' dir='ltr'><strong>aut</strong></span> <span class='ocrx_word' id='word_1_190' title='bbox 910 3209 963 3272; x_wconf 93' lang='lat' dir='ltr'><strong>cui</strong></span> <span class='ocrx_word' id='word_1_191' title='bbox 984 3210 1029 3272; x_wconf 92' lang='lat' dir='ltr'><strong>rei</strong></span> <span class='ocrx_word' id='word_1_192' title='bbox 1050 3207 1187 3272; x_wconf 88' lang='lat' dir='ltr'><strong>ferretur</strong></span> <span class='ocrx_word' id='word_1_193' title='bbox 1206 3208 1378 3284; x_wconf 86' lang='lat' dir='ltr'><strong>auxilium,</strong></span> 
     </span>
     <span class='ocr_line' id='line_1_27' title="bbox 330 3310 1404 3396; baseline -0.002 -19"><span class='ocrx_word' id='word_1_194' title='bbox 330 3315 388 3378; x_wconf 88' lang='lat' dir='ltr'><strong>vix</strong></span> <span class='ocrx_word' id='word_1_195' title='bbox 412 3314 496 3377; x_wconf 86' lang='lat' dir='ltr'><strong>ratio</strong></span> <span class='ocrx_word' id='word_1_196' title='bbox 519 3311 589 3375; x_wconf 90' lang='lat' dir='ltr'><strong>iniri</strong></span> <span class='ocrx_word' id='word_1_197' title='bbox 612 3322 735 3394; x_wconf 89' lang='lat' dir='ltr'><strong>posset.</strong></span> <span class='ocrx_word' id='word_1_198' title='bbox 781 3311 921 3392; x_wconf 86' lang='lat' dir='ltr'><strong>Tamen,</strong></span> <span class='ocrx_word' id='word_1_199' title='bbox 941 3314 1032 3396; x_wconf 91' lang='lat' dir='ltr'><strong>quod</strong></span> <span class='ocrx_word' id='word_1_200' title='bbox 1055 3313 1207 3377; x_wconf 89' lang='lat' dir='ltr'><strong>instituto</strong></span> <span class='ocrx_word' id='word_1_201' title='bbox 1230 3310 1404 3375; x_wconf 70' lang='lat' dir='ltr'><strong>Caesaris-s</strong></span> 
     </span>
     <span class='ocr_line' id='line_1_28' title="bbox 330 3415 1379 3501; baseline -0.005 -19"><span class='ocrx_word' id='word_1_202' title='bbox 330 3437 463 3501; x_wconf 88' lang='lat' dir='ltr'><strong>semper</strong></span> <span class='ocrx_word' id='word_1_203' title='bbox 481 3417 567 3480; x_wconf 89' lang='lat' dir='ltr'><strong>duae</strong></span> <span class='ocrx_word' id='word_1_204' title='bbox 588 3416 734 3499; x_wconf 89' lang='lat' dir='ltr'><strong>legiones</strong></span> <span class='ocrx_word' id='word_1_205' title='bbox 754 3436 816 3499; x_wconf 92' lang='lat' dir='ltr'><strong>pro</strong></span> <span class='ocrx_word' id='word_1_206' title='bbox 837 3416 951 3480; x_wconf 85' lang='lat' dir='ltr'><strong>castris</strong></span> <span class='ocrx_word' id='word_1_207' title='bbox 971 3415 1182 3481; x_wconf 87' lang='lat' dir='ltr'><strong>excubabant</strong></span> <span class='ocrx_word' id='word_1_208' title='bbox 1204 3415 1379 3500; x_wconf 88' lang='lat' dir='ltr'><strong>pluresque</strong></span> 
     </span>
     <span class='ocr_line' id='line_1_29' title="bbox 332 3518 1483 3605; baseline -0.002 -20"><span class='ocrx_word' id='word_1_209' title='bbox 332 3522 462 3605; x_wconf 88' lang='lat' dir='ltr'><strong>partitis</strong></span> <span class='ocrx_word' id='word_1_210' title='bbox 483 3520 688 3604; x_wconf 89' lang='lat' dir='ltr'><strong>temporibus</strong></span> <span class='ocrx_word' id='word_1_211' title='bbox 708 3529 804 3583; x_wconf 90' lang='lat' dir='ltr'><strong>erant</strong></span> <span class='ocrx_word' id='word_1_212' title='bbox 824 3520 857 3582; x_wconf 93' lang='lat' dir='ltr'><strong>in</strong></span> <span class='ocrx_word' id='word_1_213' title='bbox 880 3540 988 3603; x_wconf 90' lang='lat' dir='ltr'><strong>opere,</strong></span> <span class='ocrx_word' id='word_1_214' title='bbox 1002 3520 1153 3583; x_wconf 88' lang='lat' dir='ltr'><strong>celeriter</strong></span> <span class='ocrx_word' id='word_1_215' title='bbox 1173 3518 1301 3583; x_wconf 86' lang='lat' dir='ltr'><strong>factum</strong></span> <span class='ocrx_word' id='word_1_216' title='bbox 1322 3530 1377 3596; x_wconf 80' lang='lat' dir='ltr'><strong>est,</strong></span> <span class='ocrx_word' id='word_1_217' title='bbox 1482 3560 1483 3573; x_wconf 61' lang='lat'><strong>,</strong></span> 
     </span>
    </p>
   </div>
   <div class='ocr_carea' id='block_1_7' title="bbox 329 3714 1377 4109">
    <p class='ocr_par' dir='ltr' id='par_1_9' title="bbox 329 3714 1377 4043">
     <span class='ocr_line' id='line_1_30' title="bbox 357 3714 1377 3782; baseline 0.001 -16"><span class='ocrx_word' id='word_1_218' title='bbox 357 3720 456 3776; x_wconf 53' lang='lat'><strong>2441.</strong></span> <span class='ocrx_word' id='word_1_219' title='bbox 475 3714 757 3782; x_wconf 73' lang='lat' dir='ltr'><strong>[latnm]...longm.</strong></span> <span class='ocrx_word' id='word_1_220' title='bbox 774 3714 830 3765; x_wconf 88' lang='lat' dir='ltr'><strong>The</strong></span> <span class='ocrx_word' id='word_1_221' title='bbox 880 3714 931 3765; x_wconf 88' lang='lat' dir='ltr'><strong>else</strong></span> <span class='ocrx_word' id='word_1_222' title='bbox 951 3731 981 3765; x_wconf 82' lang='lat' dir='ltr'><strong>ex</strong></span> <span class='ocrx_word' id='word_1_223' title='bbox 1028 3714 1377 3781; x_wconf 77' lang='lat' dir='ltr'><strong>tinthispasssgeCsesar</strong></span> 
     </span>
     <span class='ocr_line' id='line_1_31' title="bbox 329 3779 1375 3846; baseline -0.003 -14"><span class='ocrx_word' id='word_1_224' title='bbox 329 3782 450 3832; x_wconf 81' lang='lat' dir='ltr'><strong>omission</strong></span> <span class='ocrx_word' id='word_1_225' title='bbox 470 3782 500 3833; x_wconf 94' lang='lat' dir='ltr'><strong>of</strong></span> <span class='ocrx_word' id='word_1_226' title='bbox 515 3779 623 3833; x_wconf 80' lang='lat' dir='ltr'><strong>‘latum’</strong></span> <span class='ocrx_word' id='word_1_227' title='bbox 644 3782 695 3830; x_wconf 79' lang='lat' dir='ltr'><strong>and</strong></span> <span class='ocrx_word' id='word_1_228' title='bbox 710 3780 829 3830; x_wconf 85' lang='lat' dir='ltr'><strong>insertion</strong></span> <span class='ocrx_word' id='word_1_229' title='bbox 879 3780 994 3846; x_wconf 78' lang='lat' dir='ltr'><strong>employa</strong></span> <span class='ocrx_word' id='word_1_230' title='bbox 1034 3782 1130 3830; x_wconf 85' lang='lat' dir='ltr'><strong>eform</strong></span> <span class='ocrx_word' id='word_1_231' title='bbox 1144 3781 1279 3845; x_wconf 77' lang='lat' dir='ltr'><strong>according</strong></span> <span class='ocrx_word' id='word_1_232' title='bbox 1295 3790 1324 3831; x_wconf 91' lang='lat' dir='ltr'><strong>to</strong></span> <span class='ocrx_word' id='word_1_233' title='bbox 1338 3780 1375 3832; x_wconf 86' lang='lat' dir='ltr'><strong>tbe</strong></span> 
     </span>
     <span class='ocr_line' id='line_1_32' title="bbox 330 3845 1372 3911; baseline -0.003 -13"><span class='ocrx_word' id='word_1_234' title='bbox 330 3847 360 3898; x_wconf 90' lang='lat' dir='ltr'><strong>of</strong></span> <span class='ocrx_word' id='word_1_235' title='bbox 372 3846 622 3911; x_wconf 76' lang='lat' dir='ltr'><strong>‘longnm&#39;lsmede</strong></span> <span class='ocrx_word' id='word_1_236' title='bbox 639 3846 664 3895; x_wconf 88' lang='lat' dir='ltr'><strong>in</strong></span> <span class='ocrx_word' id='word_1_237' title='bbox 681 3845 791 3896; x_wconf 78' lang='lat' dir='ltr'><strong>definnoe</strong></span> <span class='ocrx_word' id='word_1_238' title='bbox 802 3847 832 3895; x_wconf 92' lang='lat' dir='ltr'><strong>of</strong></span> <span class='ocrx_word' id='word_1_239' title='bbox 881 3854 918 3896; x_wconf 78' lang='lat' dir='ltr'><strong>ist</strong></span> <span class='ocrx_word' id='word_1_240' title='bbox 934 3846 1082 3897; x_wconf 83' lang='lat' dir='ltr'><strong>decleusion.</strong></span> <span class='ocrx_word' id='word_1_241' title='bbox 1119 3846 1168 3896; x_wconf 88' lang='lat' dir='ltr'><strong>But</strong></span> <span class='ocrx_word' id='word_1_242' title='bbox 1184 3846 1209 3895; x_wconf 90' lang='lat' dir='ltr'><strong>in</strong></span> <span class='ocrx_word' id='word_1_243' title='bbox 1226 3848 1269 3898; x_wconf 84' lang='lat' dir='ltr'><strong>Af.</strong></span> <span class='ocrx_word' id='word_1_244' title='bbox 1283 3860 1322 3905; x_wconf 68' lang='grc' dir='ltr'><strong>πο,</strong></span> <span class='ocrx_word' id='word_1_245' title='bbox 1338 3852 1372 3906; x_wconf 68' lang='lat'><strong>§3</strong></span> 
     </span>
     <span class='ocr_line' id='line_1_33' title="bbox 329 3910 1372 3978; baseline -0.006 -13"><span class='ocrx_word' id='word_1_246' title='bbox 329 3914 371 3965; x_wconf 82' lang='lat' dir='ltr'><strong>tte</strong></span> <span class='ocrx_word' id='word_1_247' title='bbox 393 3912 466 3961; x_wconf 67' lang='lat' dir='ltr'><strong>Mas.</strong></span> <span class='ocrx_word' id='word_1_248' title='bbox 489 3928 522 3962; x_wconf 88' lang='lat' dir='ltr'><strong>on</strong></span> <span class='ocrx_word' id='word_1_249' title='bbox 543 3912 653 3978; x_wconf 83' lang='lat' dir='ltr'><strong>grounds</strong></span> <span class='ocrx_word' id='word_1_250' title='bbox 674 3912 704 3961; x_wconf 89' lang='lat' dir='ltr'><strong>of</strong></span> <span class='ocrx_word' id='word_1_251' title='bbox 723 3911 828 3961; x_wconf 76' lang='lat' dir='ltr'><strong>intend</strong></span> <span class='ocrx_word' id='word_1_252' title='bbox 879 3927 915 3961; x_wconf 83' lang='lat' dir='ltr'><strong>we</strong></span> <span class='ocrx_word' id='word_1_253' title='bbox 932 3912 995 3962; x_wconf 84' lang='lat' dir='ltr'><strong>bave</strong></span> <span class='ocrx_word' id='word_1_254' title='bbox 1009 3910 1231 3973; x_wconf 78' lang='lat' dir='ltr'><strong>‘materiem,’snd</strong></span> <span class='ocrx_word' id='word_1_255' title='bbox 1247 3914 1274 3963; x_wconf 88' lang='lat' dir='ltr'><strong>in</strong></span> <span class='ocrx_word' id='word_1_256' title='bbox 1288 3913 1324 3964; x_wconf 89' lang='lat' dir='ltr'><strong>H.</strong></span> <span class='ocrx_word' id='word_1_257' title='bbox 1335 3924 1372 3975; x_wconf 83' lang='lat'><strong>41,</strong></span> 
     </span>
     <span class='ocr_line' id='line_1_34' title="bbox 329 3975 1078 4043; baseline 0.003 -16"><span class='ocrx_word' id='word_1_258' title='bbox 329 3978 491 4043; x_wconf 76' lang='lat' dir='ltr'><strong>probability.</strong></span> <span class='ocrx_word' id='word_1_259' title='bbox 879 3981 892 4037; x_wconf 70' lang='lat' dir='ltr'><strong>l</strong></span> <span class='ocrx_word' id='word_1_260' title='bbox 905 3996 922 4043; x_wconf 87' lang='lat'>4</span> <span class='ocrx_word' id='word_1_261' title='bbox 935 3975 1078 4029; x_wconf 74' lang='lat' dir='ltr'><strong>‘materies&#39;</strong></span> 
     </span>
    </p>

    <p class='ocr_par' dir='ltr' id='par_1_10' title="bbox 364 4042 826 4109">
     <span class='ocr_line' id='line_1_35' title="bbox 364 4042 826 4109; baseline 0.002 -16"><span class='ocrx_word' id='word_1_262' title='bbox 364 4048 377 4103; x_wconf 74' lang='grc' dir='ltr'><strong>ς</strong></span> <span class='ocrx_word' id='word_1_263' title='bbox 396 4057 420 4107; x_wconf 89' lang='grc'><strong>4.</strong></span> <span class='ocrx_word' id='word_1_264' title='bbox 444 4045 598 4094; x_wconf 72' lang='lat' dir='ltr'><strong>muntem.</strong></span> <span class='ocrx_word' id='word_1_265' title='bbox 665 4042 826 4109; x_wconf 78' lang='lat' dir='ltr'><strong>Everywbere</strong></span> 
     </span>
    </p>
   </div>
   <div class='ocr_carea' id='block_1_8' title="bbox 0 0 1496 4992">
    <p class='ocr_par' dir='ltr' id='par_1_11' title="bbox 0 0 1496 4992">
     <span class='ocr_line' id='line_1_36' title="bbox 0 0 1496 4992; baseline 0 1"><span class='ocrx_word' id='word_1_266' title='bbox 0 0 1496 4992; x_wconf 95' lang='lat' dir='ltr'><strong> </strong></span> 
     </span>
    </p>
   </div>
  </div>
 </body>
</html>
