2984 4992
130 580 157 631 b.
170 578 199 645 r]
362 580 416 634 DE
437 580 561 636 BBLLO
586 582 753 637 GALLICO.
805 586 876 638 ΗΒ.
902 588 948 641 ΙΙΙ
1122 597 1177 643 101

101 744 311 811 asententias
347 746 521 828 exquirere
556 746 675 831 coepit.
734 745 813 832 Quo
850 750 883 814 in
920 750 1067 829 consiliu,
1103 770 1179 817 cum

127 857 262 914 tantum
287 850 451 932 repentini
472 850 609 935 periculi
631 861 763 935 praeter
784 852 975 936 opinionem
996 855 1179 933 accidisset,

128 973 168 1018 ac
183 953 251 1017 iarn
266 953 463 1019 omniafere
477 956 646 1037 superiora
661 954 735 1020 loca
751 955 962 1022 multitudine
976 967 1178 1026 armatorum

130 1057 300 1149 completa
329 1058 606 1141 conspicerentur,
628 1079 737 1141 neque
765 1060 913 1125 subsidio
941 1062 1046 1127 veniri
1071 1083 1179 1146 neque

128 1171 336 1227 commeatus
375 1162 563 1246 supportari
599 1162 783 1228 interclusis
828 1165 997 1231 itineribus
1033 1176 1179 1250 possent,

101 1284 115 1335 s
128 1286 235 1350 prope
251 1267 318 1330 iam
334 1267 510 1348 desperata
522 1265 630 1332 salute
645 1266 825 1332 nonnullae
839 1267 1030 1334 huiusmodi
1046 1280 1178 1335 senten-

128 1371 195 1436 tiae
207 1371 414 1445 dicebantur,
431 1378 469 1435 ut
484 1369 735 1452 impedimentis
756 1370 880 1437 relictis
900 1372 1075 1457 eruptione
1090 1371 1179 1439 facta

128 1476 249 1540 iisdem
273 1473 453 1553 itineribus,
483 1473 605 1556 quibus
632 1495 673 1540 eo
701 1476 938 1558 pervenissent,
963 1477 1007 1541 ad
1036 1477 1178 1543 salutem

98 1579 375 1646 4contenderent.
421 1577 543 1642 Maiori
558 1586 670 1642 tamen
687 1578 774 1661 parti
791 1577 923 1662 placuit,
933 1578 998 1645 hoc
1015 1591 1180 1649 reservato

127 1685 170 1748 ad
193 1693 384 1750 extremum
407 1682 546 1746 consilio
569 1682 702 1748 interim
725 1682 774 1747 rei
799 1694 955 1749 eventum
978 1685 1122 1769 experiri
1145 1694 1179 1750 et

127 1797 236 1853 castra
259 1786 446 1852 defendere.

94 1899 116 1953 4
170 1891 270 1956 Brevi
292 1892 402 1975 spatio
420 1890 603 1970 interiecto,
619 1890 678 1955 vix
698 1899 736 1954 ut
755 1890 795 1954 iis
818 1890 928 1970 rebus,
946 1912 1029 1975 quas
1051 1894 1176 1958 consti·
1189 1908 1274 1960 Fieroe

127 1996 279 2074 tuissent,
294 1994 498 2061 collocandis
518 2003 620 2076 atque
641 1994 913 2061 administrandis
933 2006 1066 2081 tempus
1080 1998 1175 2064 dare·
1188 1974 1321 2106 fflmss

127 2110 189 2179 tur,
210 2100 326 2166 hostes
348 2119 393 2163 ex
415 2099 571 2163 omnibus
592 2098 742 2181 partibus
768 2099 865 2182 signo
888 2101 969 2165 dato
995 2101 1177 2181 decurrere,

101 2204 258 2288 ²lapides
286 2222 453 2289 gaesaque
482 2203 517 2267 in
545 2202 672 2267 vallum
708 2202 866 2268 conicere.
924 2204 1039 2270 Nostri
1070 2206 1178 2289 primo

128 2308 268 2393 integris
291 2308 418 2373 viribus
443 2306 574 2372 fortiter
594 2326 779 2391 repugnare
801 2326 909 2390 neque
932 2306 1035 2374 ullum
1059 2308 1178 2375 frustra

127 2412 229 2478 telum
254 2433 300 2477 ex
322 2413 396 2478 loco
417 2412 586 2495 superiore
608 2410 750 2489 mittere,
772 2420 809 2476 ut
832 2430 984 2494 quaeque
1007 2432 1083 2496 pars
1105 2433 1178 2477 cas-

127 2530 253 2583 trorum
278 2518 404 2581 nudata
422 2514 651 2580 defensoribus
672 2515 780 2599 premi
801 2515 986 2591 videbatur,
1003 2537 1044 2581 eo
1066 2536 1178 2581 occur-

102 2634 197 2687 srere
208 2633 242 2688 et
255 2619 420 2687 auxilium
430 2619 529 2696 ferre3
545 2619 605 2684 sed
616 2618 680 2683 boc
692 2619 850 2702 superari,
859 2621 949 2701 quod
961 2620 1179 2686 diuturnitate

128 2745 261 2811 pugnae
282 2725 396 2789 hostes
421 2723 541 2788 defessi
565 2722 693 2807 proelio
718 2722 936 2801 excedebant,
958 2723 1014 2787 alii
1040 2723 1178 2807 integris

128 2830 251 2895 viribus
276 2827 515 2899 succedebant3
543 2845 685 2908 quarum
712 2846 821 2891 rerum
847 2847 869 2891 a
893 2828 1016 2892 nostris
1039 2836 1177 2911 propter

126 2934 329 3016 paucitatem
352 2931 423 2997 fieri
445 2930 528 2995 nibil
549 2937 691 3013 poterat,
704 2949 743 2995 ac
766 2949 833 2994 non
858 2931 958 2995 modo
978 2931 1108 2997 defesso
1130 2952 1176 2995 ex

127 3058 237 3123 pugna
268 3035 464 3114 excedendi,
496 3034 556 3099 sed
593 3053 637 3097 ne
672 3033 786 3098 saucio
819 3034 956 3116 quidem
994 3034 1066 3100 eius
1102 3034 1178 3113 loci,

128 3143 184 3207 ubi
215 3142 421 3219 constiterat,
446 3137 656 3221 relinquendi
687 3158 727 3203 ac
757 3138 808 3203 sui
837 3138 1015 3221 recipiendi
1039 3138 1178 3204 facultas

127 3244 277 3313 dabatur.

98 3352 117 3407 ⁵
172 3352 258 3419 Cum
280 3352 348 3417 iam
370 3347 515 3433 amplius
536 3346 627 3412 boris
648 3366 709 3410 sex
732 3347 942 3412 continenter
963 3354 1175 3430 pugnaretur,
1186 3357 1344 3475 ⁸8:¹1er

1187 3440 1305 3542 Roianus.

160 3565 186 3612 4.
205 3566 218 3622 t
238 3576 260 3613 ι.
282 3571 429 3621 mua.
462 3556 488 3605 A
505 3552 626 3631 specially
675 3550 905 3603 ‘nonmodonon’

131 3626 221 3693 Alpine
242 3640 355 3692 weapon.
388 3622 463 3688 Verg.
487 3622 551 3672 Aen.
573 3619 625 3670 viii.
708 3622 735 3669 ὅ.
754 3621 767 3677 5
788 3630 809 3666 1.
830 3632 895 3694 oum
913 3652 921 3668 .
939 3653 947 3668 .
966 3653 974 3667 .
990 3623 1174 3695 pugnaretur,

130 3692 209 3744 ⁶61-
675 3682 764 3735 ‘when
786 3680 892 3747 fighting
912 3698 964 3732 was
990 3698 1068 3749 gourg
1088 3681 1136 3733 on’
1148 3704 1171 3726 .-

194 3760 259 3809 ‘dno
275 3758 379 3824 quisque
390 3753 486 3819 Alpina
497 3756 628 3803 comant
675 3749 765 3799 ‘when
776 3747 882 3813 fighting
897 3748 1020 3799 badbeen
1036 3750 1095 3815 goln
1125 3750 1174 3801 on.’

249 3820 340 3874 mnu·
676 3816 724 3880 Cr·
746 3827 785 3879 τε,
806 3816 820 3873 t
839 3827 870 3877 s:
890 3829 914 3865 v·
933 3827 972 3879 as.
992 3820 1005 3875 t
1023 3830 1053 3880 s:
1090 3816 1116 3866 '·
1133 3817 1175 3877 ⁸0,

130 3888 154 3937 Α
180 3904 277 3949 mens,
290 3890 323 3938 vi.
338 3884 415 3951 mi,
432 3883 523 3950 rpeslrs
540 3880 570 3932 of
584 3880 627 3932 the
677 3879 734 3941 5⁶:
752 3878 804 3930 viii.
823 3883 890 3943 29,fi
912 3880 1040 3931 r-¹Curn
1054 3882 1175 3947 aliquam·

130 3952 239 4004 Romans
257 3953 349 4018 haring
370 3952 450 4002 learnt
471 3949 515 3999 the
535 3963 579 3999 nse
600 3947 630 3997 of
676 3946 719 3995 din
731 3960 828 3997 summa
841 3943 997 3996 conuntione
1010 3946 1175 4011 dimicaretur,

131 4018 172 4070 the
181 4034 283 4085 gnarum
294 4019 357 4069 from
367 4016 410 4068 the
420 4014 562 4082 Spaniards-
675 4012 821 4063 Dumnacus
832 4009 930 4063 instrui
941 4010 1037 4079 aciem,’
1049 4015 1095 4064 &a

164 4086 421 4149 tsnonmodo·
453 4080 626 4145 llum
