<?xml version="1.0" encoding="UTF-8"?>
<!DOCTYPE html PUBLIC "-//W3C//DTD XHTML 1.0 Transitional//EN"
    "http://www.w3.org/TR/xhtml1/DTD/xhtml1-transitional.dtd">
<html xmlns="http://www.w3.org/1999/xhtml" xml:lang="en" lang="en">
 <head>
  <title>
</title>
<meta http-equiv="Content-Type" content="text/html;charset=utf-8" />
  <meta name='ocr-system' content='tesseract 3.04.00' />
  <meta name='ocr-capabilities' content='ocr_page ocr_carea ocr_par ocr_line ocrx_word'/>
</head>
<body>
  <div class='ocr_page' id='page_1' title='image "./debellogallicob01stocgoog_0345.png"; bbox 0 0 2984 4992; ppageno 0'>
   <div class='ocr_carea' id='block_1_1' title="bbox 129 568 1180 648">
    <p class='ocr_par' dir='ltr' id='par_1_1' title="bbox 129 568 1180 648">
     <span class='ocr_line' id='line_1_1' title="bbox 129 568 1180 648; baseline 0.005 -23"><span class='ocrx_word' id='word_1_1' title='bbox 129 574 214 640; x_wconf 59' lang='lat'>127]</span> <span class='ocrx_word' id='word_1_2' title='bbox 370 573 423 626; x_wconf 80' lang='lat' dir='ltr'>DE</span> <span class='ocrx_word' id='word_1_3' title='bbox 445 574 569 628; x_wconf 79' lang='lat' dir='ltr'><em>BELLO</em></span> <span class='ocrx_word' id='word_1_4' title='bbox 594 577 764 630; x_wconf 76' lang='lat' dir='ltr'><em>GALLICO.</em></span> <span class='ocrx_word' id='word_1_5' title='bbox 814 577 885 630; x_wconf 77' lang='grc' dir='ltr'>ΗΒ.</span> <span class='ocrx_word' id='word_1_6' title='bbox 910 578 943 629; x_wconf 84' lang='grc' dir='ltr'>ῙῙ</span> <span class='ocrx_word' id='word_1_7' title='bbox 1137 568 1180 648; x_wconf 71' lang='lat'>83</span> 
     </span>
    </p>
   </div>
   <div class='ocr_carea' id='block_1_2' title="bbox 77 738 1333 3525">
    <p class='ocr_par' dir='ltr' id='par_1_2' title="bbox 77 738 1333 3525">
     <span class='ocr_line' id='line_1_2' title="bbox 130 738 1179 825; baseline 0.007 -26"><span class='ocrx_word' id='word_1_8' title='bbox 130 743 273 818; x_wconf 90' lang='lat' dir='ltr'>apertus,</span> <span class='ocrx_word' id='word_1_9' title='bbox 297 738 341 804; x_wconf 93' lang='lat' dir='ltr'>ab</span> <span class='ocrx_word' id='word_1_10' title='bbox 364 741 533 824; x_wconf 84' lang='lat' dir='ltr'>superiore</span> <span class='ocrx_word' id='word_1_11' title='bbox 556 749 651 825; x_wconf 87' lang='lat' dir='ltr'>parte</span> <span class='ocrx_word' id='word_1_12' title='bbox 673 740 839 819; x_wconf 88' lang='lat' dir='ltr'>silvestris,</span> <span class='ocrx_word' id='word_1_13' title='bbox 862 749 989 807; x_wconf 91' lang='lat' dir='ltr'>utnon</span> <span class='ocrx_word' id='word_1_14' title='bbox 1011 739 1106 807; x_wconf 81' lang='lat' dir='ltr'>facile</span> <span class='ocrx_word' id='word_1_15' title='bbox 1129 741 1179 807; x_wconf 93' lang='lat' dir='ltr'>in·</span> 
     </span>
     <span class='ocr_line' id='line_1_3' title="bbox 101 843 1181 926; baseline 0.01 -26"><span class='ocrx_word' id='word_1_16' title='bbox 101 849 256 903; x_wconf 83' lang='lat' dir='ltr'>strorsus</span> <span class='ocrx_word' id='word_1_17' title='bbox 270 843 412 926; x_wconf 76' lang='lat' dir='ltr'>perspici</span> <span class='ocrx_word' id='word_1_18' title='bbox 427 854 550 926; x_wconf 88' lang='lat' dir='ltr'>posset.</span> <span class='ocrx_word' id='word_1_19' title='bbox 587 845 680 910; x_wconf 80' lang='lat' dir='ltr'>Intra</span> <span class='ocrx_word' id='word_1_20' title='bbox 691 866 747 912; x_wconf 86' lang='lat' dir='ltr'>eas</span> <span class='ocrx_word' id='word_1_21' title='bbox 762 845 863 910; x_wconf 89' lang='lat' dir='ltr'>silvas</span> <span class='ocrx_word' id='word_1_22' title='bbox 877 845 991 910; x_wconf 80' lang='lat' dir='ltr'>hostes</span> <span class='ocrx_word' id='word_1_23' title='bbox 1002 845 1035 910; x_wconf 92' lang='lat' dir='ltr'>in</span> <span class='ocrx_word' id='word_1_24' title='bbox 1048 843 1181 911; x_wconf 87' lang='lat' dir='ltr'>occulto</span> 
     </span>
     <span class='ocr_line' id='line_1_4' title="bbox 130 946 1180 1032; baseline 0.01 -26"><span class='ocrx_word' id='word_1_25' title='bbox 130 961 202 1007; x_wconf 87' lang='lat' dir='ltr'>sese</span> <span class='ocrx_word' id='word_1_26' title='bbox 238 946 472 1029; x_wconf 82' lang='lat' dir='ltr'>continebant3</span> <span class='ocrx_word' id='word_1_27' title='bbox 509 949 544 1013; x_wconf 89' lang='lat' dir='ltr'>in</span> <span class='ocrx_word' id='word_1_28' title='bbox 580 959 697 1032; x_wconf 87' lang='lat' dir='ltr'>aperto</span> <span class='ocrx_word' id='word_1_29' title='bbox 731 950 807 1016; x_wconf 93' lang='lat' dir='ltr'>loco</span> <span class='ocrx_word' id='word_1_30' title='bbox 838 950 1019 1017; x_wconf 88' lang='lat' dir='ltr'>secundum</span> <span class='ocrx_word' id='word_1_31' title='bbox 1055 948 1180 1015; x_wconf 88' lang='lat' dir='ltr'>flumen</span> 
     </span>
     <span class='ocr_line' id='line_1_5' title="bbox 130 1051 1181 1137; baseline 0.01 -28"><span class='ocrx_word' id='word_1_32' title='bbox 130 1065 257 1130; x_wconf 84' lang='lat' dir='ltr'>paucae</span> <span class='ocrx_word' id='word_1_33' title='bbox 290 1051 449 1117; x_wconf 88' lang='lat' dir='ltr'>stationes</span> <span class='ocrx_word' id='word_1_34' title='bbox 481 1053 631 1137; x_wconf 88' lang='lat' dir='ltr'>equitum</span> <span class='ocrx_word' id='word_1_35' title='bbox 664 1053 869 1120; x_wconf 89' lang='lat' dir='ltr'>videbantur.</span> <span class='ocrx_word' id='word_1_36' title='bbox 914 1053 1076 1118; x_wconf 86' lang='lat' dir='ltr'>Fluminis</span> <span class='ocrx_word' id='word_1_37' title='bbox 1108 1062 1181 1119; x_wconf 87' lang='lat' dir='ltr'>erat</span> 
     </span>
     <span class='ocr_line' id='line_1_6' title="bbox 132 1151 682 1237; baseline 0.009 -22"><span class='ocrx_word' id='word_1_38' title='bbox 132 1151 274 1218; x_wconf 74' lang='lat' dir='ltr'>altitudo</span> <span class='ocrx_word' id='word_1_39' title='bbox 292 1155 416 1237; x_wconf 87' lang='lat' dir='ltr'>pedum</span> <span class='ocrx_word' id='word_1_40' title='bbox 431 1156 556 1222; x_wconf 82' lang='lat' dir='ltr'>circiter</span> <span class='ocrx_word' id='word_1_41' title='bbox 570 1157 682 1224; x_wconf 90' lang='lat' dir='ltr'>trium.</span> 
     </span>
     <span class='ocr_line' id='line_1_7' title="bbox 77 1254 1320 1348; baseline 0.002 -30"><span class='ocrx_word' id='word_1_42' title='bbox 77 1264 118 1318; x_wconf 83' lang='grc'>19</span> <span class='ocrx_word' id='word_1_43' title='bbox 176 1254 299 1322; x_wconf 78' lang='lat' dir='ltr'>caesar</span> <span class='ocrx_word' id='word_1_44' title='bbox 331 1260 483 1341; x_wconf 87' lang='lat' dir='ltr'>equitatu</span> <span class='ocrx_word' id='word_1_45' title='bbox 517 1263 700 1343; x_wconf 90' lang='lat' dir='ltr'>praemisso</span> <span class='ocrx_word' id='word_1_46' title='bbox 734 1263 998 1347; x_wconf 76' lang='lat' dir='ltr'>subsequebatur</span> <span class='ocrx_word' id='word_1_47' title='bbox 1027 1259 1182 1327; x_wconf 70' lang='lat' dir='ltr'>omuibus</span> <span class='ocrx_word' id='word_1_48' title='bbox 1194 1271 1320 1348; x_wconf 71' lang='lat' dir='ltr'>Baulequ</span> 
     </span>
     <span class='ocr_line' id='line_1_8' title="bbox 133 1336 1321 1452; baseline 0.005 -29"><span class='ocrx_word' id='word_1_49' title='bbox 133 1360 257 1444; x_wconf 90' lang='lat' dir='ltr'>copiis;</span> <span class='ocrx_word' id='word_1_50' title='bbox 279 1363 338 1426; x_wconf 85' lang='lat' dir='ltr'>sed</span> <span class='ocrx_word' id='word_1_51' title='bbox 359 1364 443 1428; x_wconf 86' lang='lat' dir='ltr'>ratio</span> <span class='ocrx_word' id='word_1_52' title='bbox 465 1365 612 1448; x_wconf 90' lang='lat' dir='ltr'>ordoque</span> <span class='ocrx_word' id='word_1_53' title='bbox 634 1366 776 1450; x_wconf 84' lang='lat' dir='ltr'>agminis</span> <span class='ocrx_word' id='word_1_54' title='bbox 797 1365 895 1432; x_wconf 89' lang='lat' dir='ltr'>aliter</span> <span class='ocrx_word' id='word_1_55' title='bbox 914 1387 951 1430; x_wconf 91' lang='lat' dir='ltr'>se</span> <span class='ocrx_word' id='word_1_56' title='bbox 972 1366 1128 1443; x_wconf 83' lang='lat' dir='ltr'>habebat,</span> <span class='ocrx_word' id='word_1_57' title='bbox 1142 1384 1182 1429; x_wconf 90' lang='lat' dir='ltr'>ac</span> <span class='ocrx_word' id='word_1_58' title='bbox 1193 1336 1321 1452; x_wconf 48' lang='lat' dir='ltr'>mi?</span> 
     </span>
     <span class='ocr_line' id='line_1_9' title="bbox 103 1463 1287 1552; baseline 0 -24"><span class='ocrx_word' id='word_1_59' title='bbox 103 1463 257 1548; x_wconf 69' lang='lat' dir='ltr'>alielgae</span> <span class='ocrx_word' id='word_1_60' title='bbox 281 1466 325 1530; x_wconf 90' lang='lat' dir='ltr'>ad</span> <span class='ocrx_word' id='word_1_61' title='bbox 351 1465 493 1533; x_wconf 88' lang='lat' dir='ltr'>Nervios</span> <span class='ocrx_word' id='word_1_62' title='bbox 519 1468 716 1535; x_wconf 81' lang='lat' dir='ltr'>detulerant.</span> <span class='ocrx_word' id='word_1_63' title='bbox 762 1469 853 1534; x_wconf 88' lang='lat' dir='ltr'>Nam</span> <span class='ocrx_word' id='word_1_64' title='bbox 881 1471 971 1552; x_wconf 88' lang='lat' dir='ltr'>quod</span> <span class='ocrx_word' id='word_1_65' title='bbox 998 1470 1042 1534; x_wconf 92' lang='lat' dir='ltr'>ad</span> <span class='ocrx_word' id='word_1_66' title='bbox 1068 1468 1182 1534; x_wconf 90' lang='lat' dir='ltr'>hostes</span> <span class='ocrx_word' id='word_1_67' title='bbox 1193 1469 1287 1528; x_wconf 72' lang='lat' dir='ltr'>Nemi,</span> 
     </span>
     <span class='ocr_line' id='line_1_10' title="bbox 132 1535 1333 1657; baseline 0.002 -22"><span class='ocrx_word' id='word_1_68' title='bbox 132 1570 431 1655; x_wconf 77' lang='lat' dir='ltr'>appropinquabat</span> <span class='ocrx_word' id='word_1_69' title='bbox 453 1575 693 1639; x_wconf 88' lang='lat' dir='ltr'>consuetudine</span> <span class='ocrx_word' id='word_1_70' title='bbox 717 1593 779 1639; x_wconf 89' lang='lat' dir='ltr'>sua</span> <span class='ocrx_word' id='word_1_71' title='bbox 802 1573 926 1639; x_wconf 83' lang='lat' dir='ltr'>Caesar</span> <span class='ocrx_word' id='word_1_72' title='bbox 950 1593 1012 1637; x_wconf 87' lang='lat' dir='ltr'>sex</span> <span class='ocrx_word' id='word_1_73' title='bbox 1035 1572 1183 1657; x_wconf 84' lang='lat' dir='ltr'>legiones</span> <span class='ocrx_word' id='word_1_74' title='bbox 1193 1535 1333 1650; x_wconf 51' lang='lat' dir='ltr'>,Anti‘i‘g‘ss</span> 
     </span>
     <span class='ocr_line' id='line_1_11' title="bbox 133 1663 1304 1760; baseline 0.003 -24"><span class='ocrx_word' id='word_1_75' title='bbox 133 1675 309 1756; x_wconf 87' lang='lat' dir='ltr'>expeditas</span> <span class='ocrx_word' id='word_1_76' title='bbox 335 1675 500 1752; x_wconf 91' lang='lat' dir='ltr'>ducebat;</span> <span class='ocrx_word' id='word_1_77' title='bbox 532 1685 609 1760; x_wconf 90' lang='lat' dir='ltr'>post</span> <span class='ocrx_word' id='word_1_78' title='bbox 632 1695 689 1742; x_wconf 86' lang='lat' dir='ltr'>eas</span> <span class='ocrx_word' id='word_1_79' title='bbox 715 1678 819 1743; x_wconf 89' lang='lat' dir='ltr'>totius</span> <span class='ocrx_word' id='word_1_80' title='bbox 847 1677 1014 1742; x_wconf 85' lang='lat' dir='ltr'>exercitus</span> <span class='ocrx_word' id='word_1_81' title='bbox 1040 1663 1304 1760; x_wconf 59' lang='lat' dir='ltr'>impedimen.</span> 
     </span>
     <span class='ocr_line' id='line_1_12' title="bbox 102 1778 1183 1864; baseline 0.002 -20"><span class='ocrx_word' id='word_1_82' title='bbox 102 1787 247 1844; x_wconf 75' lang='lat' dir='ltr'>amenta</span> <span class='ocrx_word' id='word_1_83' title='bbox 277 1778 473 1856; x_wconf 80' lang='lat' dir='ltr'>collocarat3</span> <span class='ocrx_word' id='word_1_84' title='bbox 506 1779 583 1845; x_wconf 86' lang='lat' dir='ltr'>inde</span> <span class='ocrx_word' id='word_1_85' title='bbox 611 1779 700 1846; x_wconf 87' lang='lat' dir='ltr'>duae</span> <span class='ocrx_word' id='word_1_86' title='bbox 729 1781 886 1863; x_wconf 79' lang='lat' dir='ltr'>legiones,</span> <span class='ocrx_word' id='word_1_87' title='bbox 912 1800 1000 1863; x_wconf 88' lang='lat' dir='ltr'>quae</span> <span class='ocrx_word' id='word_1_88' title='bbox 1028 1781 1183 1864; x_wconf 84' lang='lat' dir='ltr'>proxime</span> 
     </span>
     <span class='ocr_line' id='line_1_13' title="bbox 132 1882 1185 1968; baseline 0.004 -22"><span class='ocrx_word' id='word_1_89' title='bbox 132 1882 340 1965; x_wconf 87' lang='lat' dir='ltr'>conscriptae</span> <span class='ocrx_word' id='word_1_90' title='bbox 355 1893 458 1961; x_wconf 85' lang='lat' dir='ltr'>eraut,</span> <span class='ocrx_word' id='word_1_91' title='bbox 474 1891 582 1948; x_wconf 89' lang='lat' dir='ltr'>totum</span> <span class='ocrx_word' id='word_1_92' title='bbox 597 1903 717 1968; x_wconf 85' lang='lat' dir='ltr'>agmen</span> <span class='ocrx_word' id='word_1_93' title='bbox 734 1883 935 1950; x_wconf 87' lang='lat' dir='ltr'>claudebant</span> <span class='ocrx_word' id='word_1_94' title='bbox 950 1885 1185 1968; x_wconf 86' lang='lat' dir='ltr'>praesidioque</span> 
     </span>
     <span class='ocr_line' id='line_1_14' title="bbox 101 1985 1184 2070; baseline -0.001 -17"><span class='ocrx_word' id='word_1_95' title='bbox 101 1985 379 2070; x_wconf 76' lang='lat' dir='ltr'>eimpedimentis</span> <span class='ocrx_word' id='word_1_96' title='bbox 408 1996 507 2052; x_wconf 87' lang='lat' dir='ltr'>erant</span> <span class='ocrx_word' id='word_1_97' title='bbox 554 1986 695 2070; x_wconf 85' lang='lat' dir='ltr'>Equites</span> <span class='ocrx_word' id='word_1_98' title='bbox 722 1989 828 2052; x_wconf 82' lang='lat' dir='ltr'>nostri</span> <span class='ocrx_word' id='word_1_99' title='bbox 856 2009 933 2055; x_wconf 89' lang='lat' dir='ltr'>cum</span> <span class='ocrx_word' id='word_1_100' title='bbox 961 1988 1184 2054; x_wconf 83' lang='lat' dir='ltr'>funditoribus</span> 
     </span>
     <span class='ocr_line' id='line_1_15' title="bbox 134 2089 1184 2174; baseline 0 -19"><span class='ocrx_word' id='word_1_101' title='bbox 134 2090 380 2174; x_wconf 83' lang='lat' dir='ltr'>sagittariisque</span> <span class='ocrx_word' id='word_1_102' title='bbox 399 2089 523 2156; x_wconf 88' lang='lat' dir='ltr'>flumen</span> <span class='ocrx_word' id='word_1_103' title='bbox 545 2090 740 2172; x_wconf 84' lang='lat' dir='ltr'>transgressi</span> <span class='ocrx_word' id='word_1_104' title='bbox 762 2111 839 2156; x_wconf 90' lang='lat' dir='ltr'>curn</span> <span class='ocrx_word' id='word_1_105' title='bbox 861 2092 1009 2158; x_wconf 89' lang='lat' dir='ltr'>hostiurn</span> <span class='ocrx_word' id='word_1_106' title='bbox 1031 2093 1184 2174; x_wconf 88' lang='lat' dir='ltr'>equitatu</span> 
     </span>
     <span class='ocr_line' id='line_1_16' title="bbox 101 2192 1184 2276; baseline -0.002 -12"><span class='ocrx_word' id='word_1_107' title='bbox 101 2192 297 2276; x_wconf 79' lang='lat' dir='ltr'>sproelium</span> <span class='ocrx_word' id='word_1_108' title='bbox 313 2195 556 2260; x_wconf 85' lang='lat' dir='ltr'>commiserunt</span> <span class='ocrx_word' id='word_1_109' title='bbox 603 2193 690 2259; x_wconf 91' lang='lat' dir='ltr'>Cum</span> <span class='ocrx_word' id='word_1_110' title='bbox 711 2215 747 2260; x_wconf 87' lang='lat' dir='ltr'>se</span> <span class='ocrx_word' id='word_1_111' title='bbox 768 2194 814 2259; x_wconf 89' lang='lat' dir='ltr'>illi</span> <span class='ocrx_word' id='word_1_112' title='bbox 835 2195 1018 2262; x_wconf 85' lang='lat' dir='ltr'>identidem</span> <span class='ocrx_word' id='word_1_113' title='bbox 1036 2197 1068 2262; x_wconf 90' lang='lat' dir='ltr'>in</span> <span class='ocrx_word' id='word_1_114' title='bbox 1083 2196 1184 2262; x_wconf 87' lang='lat' dir='ltr'>silvas</span> 
     </span>
     <span class='ocr_line' id='line_1_17' title="bbox 135 2297 1183 2383; baseline 0 -19"><span class='ocrx_word' id='word_1_115' title='bbox 135 2299 179 2364; x_wconf 86' lang='lat' dir='ltr'>ad</span> <span class='ocrx_word' id='word_1_116' title='bbox 194 2317 273 2364; x_wconf 86' lang='lat' dir='ltr'>suos</span> <span class='ocrx_word' id='word_1_117' title='bbox 288 2299 470 2383; x_wconf 88' lang='lat' dir='ltr'>reciperent</span> <span class='ocrx_word' id='word_1_118' title='bbox 484 2317 524 2363; x_wconf 90' lang='lat' dir='ltr'>ac</span> <span class='ocrx_word' id='word_1_119' title='bbox 539 2317 652 2362; x_wconf 88' lang='lat' dir='ltr'>rursus</span> <span class='ocrx_word' id='word_1_120' title='bbox 666 2317 710 2362; x_wconf 86' lang='lat' dir='ltr'>ex</span> <span class='ocrx_word' id='word_1_121' title='bbox 726 2297 808 2363; x_wconf 89' lang='lat' dir='ltr'>silva</span> <span class='ocrx_word' id='word_1_122' title='bbox 823 2298 857 2362; x_wconf 91' lang='lat' dir='ltr'>in</span> <span class='ocrx_word' id='word_1_123' title='bbox 873 2307 1004 2364; x_wconf 88' lang='lat' dir='ltr'>nostros</span> <span class='ocrx_word' id='word_1_124' title='bbox 1020 2301 1183 2383; x_wconf 88' lang='lat' dir='ltr'>impetum</span> 
     </span>
     <span class='ocr_line' id='line_1_18' title="bbox 133 2401 1184 2484; baseline 0.003 -18"><span class='ocrx_word' id='word_1_125' title='bbox 133 2401 288 2476; x_wconf 86' lang='lat' dir='ltr'>iacerent,</span> <span class='ocrx_word' id='word_1_126' title='bbox 314 2421 423 2484; x_wconf 88' lang='lat' dir='ltr'>neque</span> <span class='ocrx_word' id='word_1_127' title='bbox 449 2401 552 2468; x_wconf 90' lang='lat' dir='ltr'>nostri</span> <span class='ocrx_word' id='word_1_128' title='bbox 582 2401 721 2484; x_wconf 87' lang='lat' dir='ltr'>longius,</span> <span class='ocrx_word' id='word_1_129' title='bbox 746 2422 848 2483; x_wconf 88' lang='lat' dir='ltr'>quam</span> <span class='ocrx_word' id='word_1_130' title='bbox 877 2422 977 2484; x_wconf 87' lang='lat' dir='ltr'>quem</span> <span class='ocrx_word' id='word_1_131' title='bbox 1008 2404 1051 2467; x_wconf 88' lang='lat' dir='ltr'>ad</span> <span class='ocrx_word' id='word_1_132' title='bbox 1081 2402 1184 2469; x_wconf 88' lang='lat' dir='ltr'>finem</span> 
     </span>
     <span class='ocr_line' id='line_1_19' title="bbox 136 2506 1184 2591; baseline 0 -20"><span class='ocrx_word' id='word_1_133' title='bbox 136 2517 289 2591; x_wconf 84' lang='lat' dir='ltr'>porrecta</span> <span class='ocrx_word' id='word_1_134' title='bbox 304 2506 378 2570; x_wconf 87' lang='lat' dir='ltr'>loca</span> <span class='ocrx_word' id='word_1_135' title='bbox 393 2515 508 2590; x_wconf 85' lang='lat' dir='ltr'>aperta</span> <span class='ocrx_word' id='word_1_136' title='bbox 523 2506 744 2589; x_wconf 86' lang='lat' dir='ltr'>pertinebant,</span> <span class='ocrx_word' id='word_1_137' title='bbox 760 2507 916 2572; x_wconf 88' lang='lat' dir='ltr'>cedentes</span> <span class='ocrx_word' id='word_1_138' title='bbox 935 2507 1066 2588; x_wconf 86' lang='lat' dir='ltr'>insequi</span> <span class='ocrx_word' id='word_1_139' title='bbox 1081 2507 1184 2571; x_wconf 89' lang='lat' dir='ltr'>aude·</span> 
     </span>
     <span class='ocr_line' id='line_1_20' title="bbox 135 2609 1185 2694; baseline 0.003 -20"><span class='ocrx_word' id='word_1_140' title='bbox 135 2619 218 2688; x_wconf 91' lang='lat' dir='ltr'>rent,</span> <span class='ocrx_word' id='word_1_141' title='bbox 233 2611 364 2676; x_wconf 89' lang='lat' dir='ltr'>interim</span> <span class='ocrx_word' id='word_1_142' title='bbox 387 2609 534 2694; x_wconf 85' lang='lat' dir='ltr'>legiones</span> <span class='ocrx_word' id='word_1_143' title='bbox 556 2629 627 2687; x_wconf 84' lang='lat' dir='ltr'>sex,</span> <span class='ocrx_word' id='word_1_144' title='bbox 645 2629 732 2692; x_wconf 91' lang='lat' dir='ltr'>quae</span> <span class='ocrx_word' id='word_1_145' title='bbox 754 2611 882 2693; x_wconf 89' lang='lat' dir='ltr'>primae</span> <span class='ocrx_word' id='word_1_146' title='bbox 900 2620 1069 2688; x_wconf 81' lang='lat' dir='ltr'>venerant,</span> <span class='ocrx_word' id='word_1_147' title='bbox 1083 2631 1185 2693; x_wconf 87' lang='lat' dir='ltr'>opere</span> 
     </span>
     <span class='ocr_line' id='line_1_21' title="bbox 102 2713 1184 2799; baseline 0 -21"><span class='ocrx_word' id='word_1_148' title='bbox 102 2715 286 2779; x_wconf 87' lang='lat' dir='ltr'>⁶dimenso</span> <span class='ocrx_word' id='word_1_149' title='bbox 307 2721 416 2779; x_wconf 89' lang='lat' dir='ltr'>castra</span> <span class='ocrx_word' id='word_1_150' title='bbox 438 2713 565 2778; x_wconf 88' lang='lat' dir='ltr'>munire</span> <span class='ocrx_word' id='word_1_151' title='bbox 587 2723 776 2796; x_wconf 87' lang='lat' dir='ltr'>coeperunt</span> <span class='ocrx_word' id='word_1_152' title='bbox 823 2713 892 2778; x_wconf 93' lang='lat' dir='ltr'>Ubi</span> <span class='ocrx_word' id='word_1_153' title='bbox 914 2715 1023 2797; x_wconf 91' lang='lat' dir='ltr'>prima</span> <span class='ocrx_word' id='word_1_154' title='bbox 1046 2715 1184 2799; x_wconf 90' lang='lat' dir='ltr'>impedi-</span> 
     </span>
     <span class='ocr_line' id='line_1_22' title="bbox 136 2817 1185 2900; baseline 0.001 -17"><span class='ocrx_word' id='word_1_155' title='bbox 136 2829 250 2883; x_wconf 89' lang='lat' dir='ltr'>menta</span> <span class='ocrx_word' id='word_1_156' title='bbox 267 2818 370 2883; x_wconf 87' lang='lat' dir='ltr'>nostri</span> <span class='ocrx_word' id='word_1_157' title='bbox 385 2818 551 2882; x_wconf 87' lang='lat' dir='ltr'>exercitus</span> <span class='ocrx_word' id='word_1_158' title='bbox 566 2817 610 2881; x_wconf 93' lang='lat' dir='ltr'>ab</span> <span class='ocrx_word' id='word_1_159' title='bbox 626 2818 674 2898; x_wconf 90' lang='lat' dir='ltr'>iis,</span> <span class='ocrx_word' id='word_1_160' title='bbox 683 2819 740 2900; x_wconf 92' lang='lat' dir='ltr'>qui</span> <span class='ocrx_word' id='word_1_161' title='bbox 758 2818 791 2879; x_wconf 91' lang='lat' dir='ltr'>in</span> <span class='ocrx_word' id='word_1_162' title='bbox 803 2818 895 2880; x_wconf 89' lang='lat' dir='ltr'>silvis</span> <span class='ocrx_word' id='word_1_163' title='bbox 909 2817 1013 2882; x_wconf 90' lang='lat' dir='ltr'>abditi</span> <span class='ocrx_word' id='word_1_164' title='bbox 1024 2818 1185 2898; x_wconf 89' lang='lat' dir='ltr'>latebant,</span> 
     </span>
     <span class='ocr_line' id='line_1_23' title="bbox 132 2921 1185 3007; baseline -0.002 -19"><span class='ocrx_word' id='word_1_165' title='bbox 132 2922 206 2988; x_wconf 85' lang='lat' dir='ltr'>visa</span> <span class='ocrx_word' id='word_1_166' title='bbox 232 2932 319 2999; x_wconf 89' lang='lat' dir='ltr'>sunt,</span> <span class='ocrx_word' id='word_1_167' title='bbox 343 2922 434 3003; x_wconf 92' lang='lat' dir='ltr'>quod</span> <span class='ocrx_word' id='word_1_168' title='bbox 460 2930 592 3004; x_wconf 89' lang='lat' dir='ltr'>tempus</span> <span class='ocrx_word' id='word_1_169' title='bbox 618 2921 704 2985; x_wconf 88' lang='lat' dir='ltr'>inter</span> <span class='ocrx_word' id='word_1_170' title='bbox 729 2943 788 2986; x_wconf 92' lang='lat' dir='ltr'>eos</span> <span class='ocrx_word' id='word_1_171' title='bbox 813 2923 1043 2987; x_wconf 87' lang='lat' dir='ltr'>committendi</span> <span class='ocrx_word' id='word_1_172' title='bbox 1070 2922 1185 3007; x_wconf 88' lang='lat' dir='ltr'>proelii</span> 
     </span>
     <span class='ocr_line' id='line_1_24' title="bbox 134 3025 1187 3107; baseline 0.002 -17"><span class='ocrx_word' id='word_1_173' title='bbox 134 3035 343 3103; x_wconf 83' lang='lat' dir='ltr'>convenerat,</span> <span class='ocrx_word' id='word_1_174' title='bbox 355 3034 393 3089; x_wconf 92' lang='lat' dir='ltr'>ut</span> <span class='ocrx_word' id='word_1_175' title='bbox 405 3025 491 3090; x_wconf 90' lang='lat' dir='ltr'>intra</span> <span class='ocrx_word' id='word_1_176' title='bbox 505 3025 602 3089; x_wconf 88' lang='lat' dir='ltr'>silvas</span> <span class='ocrx_word' id='word_1_177' title='bbox 617 3025 722 3088; x_wconf 86' lang='lat' dir='ltr'>aciem</span> <span class='ocrx_word' id='word_1_178' title='bbox 734 3026 933 3107; x_wconf 86' lang='lat' dir='ltr'>ordinesque</span> <span class='ocrx_word' id='word_1_179' title='bbox 948 3028 1187 3092; x_wconf 89' lang='lat' dir='ltr'>constituerant</span> 
     </span>
     <span class='ocr_line' id='line_1_25' title="bbox 135 3127 1188 3214; baseline 0 -18"><span class='ocrx_word' id='word_1_180' title='bbox 135 3141 240 3212; x_wconf 89' lang='lat' dir='ltr'>atque</span> <span class='ocrx_word' id='word_1_181' title='bbox 266 3130 328 3214; x_wconf 89' lang='lat' dir='ltr'>ipsi</span> <span class='ocrx_word' id='word_1_182' title='bbox 354 3149 427 3193; x_wconf 90' lang='lat' dir='ltr'>sese</span> <span class='ocrx_word' id='word_1_183' title='bbox 455 3127 739 3207; x_wconf 85' lang='lat' dir='ltr'>confirmaverant,</span> <span class='ocrx_word' id='word_1_184' title='bbox 762 3129 875 3194; x_wconf 90' lang='lat' dir='ltr'>subito</span> <span class='ocrx_word' id='word_1_185' title='bbox 901 3131 1056 3196; x_wconf 91' lang='lat' dir='ltr'>omnibus</span> <span class='ocrx_word' id='word_1_186' title='bbox 1081 3131 1188 3214; x_wconf 88' lang='lat' dir='ltr'>copiis</span> 
     </span>
     <span class='ocr_line' id='line_1_26' title="bbox 134 3233 1186 3318; baseline 0 -20"><span class='ocrx_word' id='word_1_187' title='bbox 134 3233 394 3318; x_wconf 87' lang='lat' dir='ltr'>provolaverunt</span> <span class='ocrx_word' id='word_1_188' title='bbox 418 3233 647 3316; x_wconf 89' lang='lat' dir='ltr'>impetumque</span> <span class='ocrx_word' id='word_1_189' title='bbox 670 3235 703 3296; x_wconf 91' lang='lat' dir='ltr'>in</span> <span class='ocrx_word' id='word_1_190' title='bbox 727 3245 857 3299; x_wconf 89' lang='lat' dir='ltr'>nostros</span> <span class='ocrx_word' id='word_1_191' title='bbox 879 3235 1007 3316; x_wconf 87' lang='lat' dir='ltr'>equites</span> <span class='ocrx_word' id='word_1_192' title='bbox 1030 3235 1186 3300; x_wconf 86' lang='lat' dir='ltr'>iecerunt.</span> 
     </span>
     <span class='ocr_line' id='line_1_27' title="bbox 102 3336 1187 3420; baseline 0.001 -18"><span class='ocrx_word' id='word_1_193' title='bbox 102 3338 205 3403; x_wconf 86' lang='lat' dir='ltr'>⁷His</span> <span class='ocrx_word' id='word_1_194' title='bbox 235 3337 330 3402; x_wconf 82' lang='lat' dir='ltr'>facile</span> <span class='ocrx_word' id='word_1_195' title='bbox 362 3336 466 3420; x_wconf 88' lang='lat' dir='ltr'>pulsis</span> <span class='ocrx_word' id='word_1_196' title='bbox 495 3356 535 3400; x_wconf 90' lang='lat' dir='ltr'>ac</span> <span class='ocrx_word' id='word_1_197' title='bbox 565 3336 768 3420; x_wconf 88' lang='lat' dir='ltr'>proturbatis</span> <span class='ocrx_word' id='word_1_198' title='bbox 802 3338 985 3403; x_wconf 88' lang='lat' dir='ltr'>incredibili</span> <span class='ocrx_word' id='word_1_199' title='bbox 1019 3337 1187 3403; x_wconf 89' lang='lat' dir='ltr'>celeritate</span> 
     </span>
     <span class='ocr_line' id='line_1_28' title="bbox 135 3439 1185 3525; baseline -0.002 -19"><span class='ocrx_word' id='word_1_200' title='bbox 135 3443 180 3506; x_wconf 88' lang='lat' dir='ltr'>ad</span> <span class='ocrx_word' id='word_1_201' title='bbox 203 3441 327 3506; x_wconf 89' lang='lat' dir='ltr'>flumen</span> <span class='ocrx_word' id='word_1_202' title='bbox 350 3442 614 3516; x_wconf 89' lang='lat' dir='ltr'>decucurrerunt,</span> <span class='ocrx_word' id='word_1_203' title='bbox 633 3451 670 3504; x_wconf 92' lang='lat' dir='ltr'>ut</span> <span class='ocrx_word' id='word_1_204' title='bbox 692 3459 800 3524; x_wconf 86' lang='lat' dir='ltr'>paene</span> <span class='ocrx_word' id='word_1_205' title='bbox 822 3460 889 3505; x_wconf 93' lang='lat' dir='ltr'>uno</span> <span class='ocrx_word' id='word_1_206' title='bbox 912 3451 1063 3525; x_wconf 85' lang='lat' dir='ltr'>tempore</span> <span class='ocrx_word' id='word_1_207' title='bbox 1085 3450 1120 3504; x_wconf 89' lang='lat' dir='ltr'>et</span> <span class='ocrx_word' id='word_1_208' title='bbox 1141 3439 1185 3505; x_wconf 92' lang='lat' dir='ltr'>ad</span> 
     </span>
    </p>
   </div>
   <div class='ocr_carea' id='block_1_3' title="bbox 135 3543 1186 3611">
    <p class='ocr_par' dir='ltr' id='par_1_3' title="bbox 135 3543 1186 3611">
     <span class='ocr_line' id='line_1_29' title="bbox 135 3543 1186 3611; baseline -0.001 -1"><span class='ocrx_word' id='word_1_209' title='bbox 135 3545 238 3611; x_wconf 90' lang='lat' dir='ltr'>silvas</span> <span class='ocrx_word' id='word_1_210' title='bbox 253 3555 287 3610; x_wconf 92' lang='lat' dir='ltr'>et</span> <span class='ocrx_word' id='word_1_211' title='bbox 303 3543 488 3609; x_wconf 90' lang='lat' dir='ltr'>influmine</span> <span class='ocrx_word' id='word_1_212' title='bbox 503 3553 538 3608; x_wconf 90' lang='lat' dir='ltr'>et</span> <span class='ocrx_word' id='word_1_213' title='bbox 554 3544 619 3610; x_wconf 92' lang='lat' dir='ltr'>iarn</span> <span class='ocrx_word' id='word_1_214' title='bbox 635 3545 668 3608; x_wconf 90' lang='lat' dir='ltr'>in</span> <span class='ocrx_word' id='word_1_215' title='bbox 684 3544 836 3608; x_wconf 85' lang='lat' dir='ltr'>manibus</span> <span class='ocrx_word' id='word_1_216' title='bbox 851 3546 972 3610; x_wconf 89' lang='lat' dir='ltr'>nostris</span> <span class='ocrx_word' id='word_1_217' title='bbox 986 3544 1186 3609; x_wconf 87' lang='lat' dir='ltr'>viderentur.</span> 
     </span>
    </p>
   </div>
   <div class='ocr_carea' id='block_1_4' title="bbox 132 3729 1189 4126">
    <p class='ocr_par' dir='ltr' id='par_1_4' title="bbox 132 3729 1189 4126">
     <span class='ocr_line' id='line_1_30' title="bbox 169 3729 1188 3796; baseline -0.002 -11"><span class='ocrx_word' id='word_1_218' title='bbox 169 3738 276 3796; x_wconf 58' lang='lat'>1253.</span> <span class='ocrx_word' id='word_1_219' title='bbox 294 3734 513 3790; x_wconf 66' lang='lat' dir='ltr'>desolationes.</span> <span class='ocrx_word' id='word_1_220' title='bbox 539 3745 560 3794; x_wconf 83' lang='lat'>2,</span> <span class='ocrx_word' id='word_1_221' title='bbox 575 3735 588 3790; x_wconf 68' lang='lat'>5</span> <span class='ocrx_word' id='word_1_222' title='bbox 604 3744 625 3781; x_wconf 88' lang='grc' dir='ltr'>ι.</span> <span class='ocrx_word' id='word_1_223' title='bbox 688 3747 759 3782; x_wconf 84' lang='lat' dir='ltr'>sense</span> <span class='ocrx_word' id='word_1_224' title='bbox 783 3729 844 3780; x_wconf 72' lang='lat' dir='ltr'>vitlr</span> <span class='ocrx_word' id='word_1_225' title='bbox 872 3731 914 3781; x_wconf 84' lang='lat' dir='ltr'>the</span> <span class='ocrx_word' id='word_1_226' title='bbox 939 3738 991 3781; x_wconf 75' lang='lat' dir='ltr'>two</span> <span class='ocrx_word' id='word_1_227' title='bbox 1016 3733 1088 3781; x_wconf 83' lang='lat' dir='ltr'>verbs</span> <span class='ocrx_word' id='word_1_228' title='bbox 1111 3735 1188 3783; x_wconf 87' lang='lat' dir='ltr'>‘con-</span> 
     </span>
     <span class='ocr_line' id='line_1_31' title="bbox 169 3795 1189 3865; baseline -0.001 -16"><span class='ocrx_word' id='word_1_229' title='bbox 169 3805 222 3865; x_wconf 66' lang='lat'>55.</span> <span class='ocrx_word' id='word_1_230' title='bbox 239 3801 371 3858; x_wconf 76' lang='lat' dir='ltr'>quernae</span> <span class='ocrx_word' id='word_1_231' title='bbox 387 3799 540 3857; x_wconf 58' lang='lat' dir='ltr'>nnuman</span> <span class='ocrx_word' id='word_1_232' title='bbox 574 3795 638 3846; x_wconf 86' lang='lat' dir='ltr'>This</span> <span class='ocrx_word' id='word_1_233' title='bbox 688 3795 832 3847; x_wconf 76' lang='lat' dir='ltr'>stituerant’</span> <span class='ocrx_word' id='word_1_234' title='bbox 864 3797 915 3846; x_wconf 82' lang='lat' dir='ltr'>and</span> <span class='ocrx_word' id='word_1_235' title='bbox 952 3795 1189 3848; x_wconf 70' lang='lat' dir='ltr'>‘continuaverant&#39;</span> 
     </span>
     <span class='ocr_line' id='line_1_32' title="bbox 138 3861 1187 3930; baseline -0.005 -12"><span class='ocrx_word' id='word_1_236' title='bbox 138 3867 200 3930; x_wconf 80' lang='lat' dir='ltr'>only</span> <span class='ocrx_word' id='word_1_237' title='bbox 222 3881 306 3915; x_wconf 85' lang='lat' dir='ltr'>means</span> <span class='ocrx_word' id='word_1_238' title='bbox 328 3867 372 3914; x_wconf 83' lang='lat' dir='ltr'>‘as</span> <span class='ocrx_word' id='word_1_239' title='bbox 394 3863 431 3913; x_wconf 83' lang='lat' dir='ltr'>lnr</span> <span class='ocrx_word' id='word_1_240' title='bbox 452 3878 480 3912; x_wconf 79' lang='lat' dir='ltr'>ss</span> <span class='ocrx_word' id='word_1_241' title='bbox 507 3861 550 3912; x_wconf 84' lang='lat' dir='ltr'>the</span> <span class='ocrx_word' id='word_1_242' title='bbox 572 3877 638 3928; x_wconf 84' lang='lat' dir='ltr'>open</span> <span class='ocrx_word' id='word_1_243' title='bbox 687 3861 818 3912; x_wconf 79' lang='lat' dir='ltr'>Translate</span> <span class='ocrx_word' id='word_1_244' title='bbox 842 3863 883 3912; x_wconf 83' lang='lat' dir='ltr'>‘in</span> <span class='ocrx_word' id='word_1_245' title='bbox 904 3862 947 3913; x_wconf 85' lang='lat' dir='ltr'>the</span> <span class='ocrx_word' id='word_1_246' title='bbox 966 3863 1037 3913; x_wconf 90' lang='lat' dir='ltr'>order</span> <span class='ocrx_word' id='word_1_247' title='bbox 1058 3864 1084 3912; x_wconf 89' lang='lat' dir='ltr'>in</span> <span class='ocrx_word' id='word_1_248' title='bbox 1105 3862 1187 3914; x_wconf 79' lang='lat' dir='ltr'>which</span> 
     </span>
     <span class='ocr_line' id='line_1_33' title="bbox 132 3926 1189 4046; baseline -0.003 -65"><span class='ocrx_word' id='word_1_249' title='bbox 132 3927 383 4046; x_wconf 56' lang='lat' dir='ltr'>murpdexpended&#39;</span> <span class='ocrx_word' id='word_1_250' title='bbox 427 3995 509 4044; x_wconf 60' lang='lat' dir='ltr'><strong>m</strong></span> <span class='ocrx_word' id='word_1_251' title='bbox 528 4007 548 4041; x_wconf 53' lang='lat' dir='ltr'><strong>v</strong></span> <span class='ocrx_word' id='word_1_252' title='bbox 615 3998 629 4042; x_wconf 45' lang='lat' dir='ltr'>t</span> <span class='ocrx_word' id='word_1_253' title='bbox 687 3927 761 4043; x_wconf 61' lang='lat' dir='ltr'>tlrep¹</span> <span class='ocrx_word' id='word_1_254' title='bbox 761 3928 811 4044; x_wconf 52' lang='lat' dir='ltr'>lippi</span> <span class='ocrx_word' id='word_1_255' title='bbox 804 3927 915 4043; x_wconf 52' lang='lat' dir='ltr'>mma</span> <span class='ocrx_word' id='word_1_256' title='bbox 932 3943 995 4044; x_wconf 54' lang='lat' dir='ltr'>apud</span> <span class='ocrx_word' id='word_1_257' title='bbox 986 3928 1051 3981; x_wconf 83' lang='lat' dir='ltr'>their</span> <span class='ocrx_word' id='word_1_258' title='bbox 1059 3930 1122 4044; x_wconf 73' lang='lat' dir='ltr'>dline</span> <span class='ocrx_word' id='word_1_259' title='bbox 1130 3926 1189 4044; x_wconf 73' lang='lat' dir='ltr'>tend</span> 
     </span>
     <span class='ocr_line' id='line_1_34' title="bbox 134 3993 1189 4126; baseline -0.005 -11"><span class='ocrx_word' id='word_1_260' title='bbox 134 4002 207 4116; x_wconf 73' lang='lat' dir='ltr'>‘tit&#39;</span> <span class='ocrx_word' id='word_1_261' title='bbox 220 4012 320 4112; x_wconf 63' lang='lat' dir='ltr'>isiued</span> <span class='ocrx_word' id='word_1_262' title='bbox 334 4007 638 4125; x_wconf 50' lang='lat' dir='ltr'>in.⁸ophghssyadffit.</span> <span class='ocrx_word' id='word_1_263' title='bbox 687 4009 738 4110; x_wconf 52' lang='lat' dir='ltr'>mi</span> <span class='ocrx_word' id='word_1_264' title='bbox 748 4009 975 4126; x_wconf 56' lang='lat' dir='ltr'>eneomgeuegeh</span> <span class='ocrx_word' id='word_1_265' title='bbox 985 3993 1189 4112; x_wconf 47' lang='lat' dir='ltr'>oihgtoailoiq</span> 
     </span>
    </p>
   </div>
   <div class='ocr_carea' id='block_1_5' title="bbox 628 4155 688 4210">
    <p class='ocr_par' dir='ltr' id='par_1_5' title="bbox 628 4155 688 4210">
     <span class='ocr_line' id='line_1_35' title="bbox 628 4155 688 4210; baseline 0.033 -2"><span class='ocrx_word' id='word_1_266' title='bbox 628 4155 688 4210; x_wconf 79' lang='lat' dir='ltr'>Ga</span> 
     </span>
    </p>
   </div>
   <div class='ocr_carea' id='block_1_6' title="bbox 0 0 1506 4992">
    <p class='ocr_par' dir='ltr' id='par_1_6' title="bbox 0 0 1506 4992">
     <span class='ocr_line' id='line_1_36' title="bbox 0 0 1506 4992; baseline 0 0"><span class='ocrx_word' id='word_1_267' title='bbox 0 0 1506 4992; x_wconf 95' lang='lat' dir='ltr'> </span> 
     </span>
    </p>
   </div>
  </div>
 </body>
</html>
