2984 4992
104 540 150 587 aa.
164 536 191 603 3]
341 537 395 587 ns
417 536 540 590 sarno
566 536 734 591 caturco,
787 539 857 591 ars.
888 539 925 591 νι
1096 549 1158 609 229

75 694 350 774 5Aurunculeius
369 700 537 765 hiemandi
559 720 659 765 causa
681 704 908 767 consederant
954 700 1056 767 Hunc
1078 722 1155 767 cum

103 800 239 884 reliquis
253 802 352 868 rebus
367 803 477 869 locum
498 805 663 887 probarat,
678 816 751 870 tum
768 806 861 889 quod
880 806 1058 891 superioris
1077 808 1154 872 anni

102 906 304 971 munitiones
319 908 469 991 integrae
491 910 681 988 manebant,
694 918 733 973 ut
750 908 894 974 militum
907 908 1057 975 lahorem
1073 911 1154 976 sub-

101 1007 237 1075 levaret.
291 1010 458 1078 Praesidio
482 1012 730 1095 impedimentis
754 1012 918 1097 legionem
944 1016 1155 1097 quartamde-

102 1113 227 1177 cimam
258 1114 398 1199 reliquit,
428 1136 530 1181 unam
567 1137 612 1181 ex
648 1115 701 1180 his
736 1117 853 1195 trihus,
881 1136 965 1200 quas
1001 1120 1155 1202 proxime

73 1217 307 1302 nconscriptas
325 1237 369 1283 ex
393 1219 492 1286 Italia
513 1222 718 1286 traduxerat.
763 1220 808 1285 Ei
829 1220 952 1305 legioni
973 1222 1156 1307 castrisque

103 1318 268 1403 Quintum
312 1322 458 1388 Tullium
498 1322 690 1390 Ciceronem
734 1323 884 1409 praeficit
927 1324 1154 1409 ducentosque

101 1426 232 1508 equites
253 1426 414 1492 attribuit

49 1552 89 1607 33
147 1530 276 1594 Partito
311 1532 459 1596 exercitu
489 1531 605 1597 Titum
643 1532 832 1597 Labienum
860 1552 937 1598 cum
967 1531 1153 1615 legionibus
1167 1540 1254 1608 Triple

102 1631 209 1697 trihus
224 1636 267 1699 ad
283 1632 456 1701 Oceanum
475 1655 590 1723 versus
606 1635 639 1699 in
659 1656 714 1700 eas
737 1644 857 1719 partes,
871 1655 959 1719 quae
977 1636 1154 1720 Menapios
1166 1609 1307 1738 ffluon

76 1738 283 1822 rattingunt,
302 1738 465 1820 proficisci
486 1738 598 1817 iubet;
621 1738 743 1803 Gaium
764 1740 968 1804 Trebonium
990 1760 1066 1804 cum
1081 1740 1153 1824 pari
1165 1754 1260 1804 wr-

101 1840 271 1925 legionum
288 1860 426 1907 numero
441 1843 484 1906 ad
504 1862 578 1906 eam
596 1842 776 1925 regionem,
791 1862 878 1926 quae
893 1844 940 1908 ad
954 1842 1154 1909 Aduatucos

75 1946 241 2023 sadiacet,
263 1947 531 2031 depopulandam
556 1946 676 2023 mittit;
699 1946 771 2031 ipse
792 1966 868 2011 cum
890 1946 1027 2029 reliquis
1047 1948 1154 2013 tribus

102 2049 145 2113 ad
160 2048 285 2113 flumen
302 2048 469 2129 Scaldem,
483 2053 572 2133 quod
591 2049 697 2116 influit
712 2052 746 2115 in
764 2050 906 2125 Mosam,
920 2061 1154 2135 extremasque

103 2152 305 2219 Arduennae
325 2164 436 2238 partes
458 2156 504 2219 ire
524 2155 705 2231 constituit,
721 2174 790 2238 quo
810 2173 887 2220 cum
907 2156 1021 2239 paucis
1035 2156 1154 2239 equiti-

74 2258 164 2330 4bus
188 2256 375 2341 proiectum
401 2256 632 2342 Ambiorigem
656 2258 823 2324 audiebat.
868 2258 1052 2323 Discedens
1075 2266 1153 2341 post
1166 2268 1258 2319 emar

103 2361 190 2425 diem
216 2362 398 2445 septimum
422 2382 494 2427 sese
518 2382 723 2427 reversurum
754 2361 946 2440 confirmat3
977 2382 1078 2445 quam
1108 2334 1320 2450 ad{¹{'‘{{¹t¹„¹¹‘,„'}{¹

103 2465 189 2529 diem
212 2466 243 2530 ei
266 2466 397 2550 legioni,
416 2487 502 2549 quae
525 2468 558 2530 in
577 2466 740 2550 praesidio
764 2464 1017 2548 relinquebatur,
1039 2464 1151 2530 deberi
1164 2464 1283 2529 ΜΨ

76 2596 89 2645 ⁵
104 2566 305 2634 frumentum
320 2570 455 2636 sciebat.
501 2570 687 2636 Labienum
703 2569 976 2653 Treboniumque
990 2568 1151 2644 hortatur,

103 2673 129 2735 si
155 2673 200 2737 rei
227 2674 381 2757 publicae
405 2676 587 2740 commodo
604 2674 712 2740 facere
735 2673 871 2757 possint,
895 2674 938 2738 ad
960 2693 1038 2738 eum
1061 2673 1151 2739 diem

102 2788 316 2857 revertantur,
346 2788 384 2844 ut
412 2800 524 2844 rursus
553 2780 798 2844 communicato
828 2777 967 2844 consilio
997 2779 1153 2863 explora·

102 2882 209 2966 tisque
240 2882 385 2949 hostium
415 2882 599 2949 rationibus
625 2883 716 2947 aliud
746 2881 879 2947 initium
915 2882 995 2947 helli
1032 2903 1153 2966 capere

101 2996 246 3068 possent.

52 3103 91 3157 34
145 3092 239 3169 Erat,
261 3102 296 3155 ut
329 3111 428 3174 supra
450 3092 760 3166 demonstravimus,
783 3109 902 3156 manus
930 3100 1021 3156 certa
1051 3090 1151 3165 nulla,
1164 3098 1277 3175 Cereres

103 3214 167 3258 non
183 3195 355 3281 oppidum,
369 3208 437 3259 non
451 3194 661 3277 praesidium,
678 3194 769 3279 quod
784 3214 821 3260 se
836 3194 936 3258 armis
951 3195 1151 3271 defenderet,
1163 3164 1296 3281 ffiffi

76 3299 158 3363 ased
173 3300 205 3363 in
222 3320 340 3364 omnes
353 3308 464 3383 partes
479 3300 630 3383 dispersa
645 3299 837 3364 multitudo.
872 3298 942 3364 Ubi
957 3299 1078 3381 cuique
1091 3308 1150 3363 aut

102 3402 200 3467 valles
214 3404 329 3469 abdita
343 3412 403 3467 aut
417 3402 509 3468 locus
524 3402 681 3468 silvestris
696 3413 755 3468 aut
769 3402 865 3486 palus
880 3402 1041 3486 impedita
1054 3421 1150 3484 spem

75 3533 88 3581 3
102 3509 250 3587 praesidii
266 3518 324 3573 aut
339 3506 455 3573 salutis
469 3504 614 3591 aliquam
630 3506 801 3587 offerebat,
816 3508 1021 3572 consederat.
1055 3505 1152 3573 Haec

131 3700 174 3749 88.
189 3704 238 3762 53.
256 3701 517 3751 influtsmlossm.
540 3697 596 3748 The
647 3698 690 3749 the
708 3696 869 3748 nominative.
912 3696 955 3746 He
972 3695 1033 3745 does
1046 3702 1092 3745 not
1106 3710 1150 3747 use

101 3760 189 3813 Escaut
211 3780 241 3815 or
262 3762 369 3815 Schelde
390 3762 451 3813 does
472 3771 517 3814 not
538 3762 597 3813 how
647 3760 753 3813 ‘vallis’
786 3760 873 3825 Vergil
892 3762 966 3826 (Aen.
985 3762 1018 3811 xi.
1031 3758 1150 3825 μηδι·

100 3826 152 3877 luto
169 3829 211 3880 the
230 3830 326 3889 Mense,
341 3828 438 3895 though
459 3830 480 3879 it
494 3844 553 3895 may
565 3830 597 3881 be
647 3828 690 3880 the
701 3842 770 3878 same
779 3828 933 3878 form-‘est
945 3842 1021 3878 curro
1035 3828 1148 3879 suhacm

100 3892 151 3942 said
162 3900 189 3944 to
196 3894 250 3957 jola
260 3896 280 3945 it
292 3902 318 3946 at
329 3896 372 3947 the
382 3894 477 3946 monh.
645 3892 741 3945 valles!
775 3894 806 3943 In
817 3892 859 3943 At
872 3906 912 3958 50,
926 3898 939 3953 ς
953 3906 965 3943 1
983 3908 1021 3945 we
1038 3892 1090 3943 lind
1104 3892 1148 3943 the

131 3962 174 4010 ³4.
189 3965 203 4020 ὁ
217 3974 239 4010 a.
256 3964 353 4012 reuss.
386 3960 417 4011 ln
433 3960 476 4011 vli-
493 3974 534 4025 47,
553 3961 594 4018 is
645 3958 876 4013 uom‘oourallis’

100 4024 171 4087 again
188 4025 281 4077 Caesar
293 4026 408 4093 employa
423 4025 473 4077 this
487 4026 551 4076 form
568 4026 597 4076 ol
