2984 4992
114 558 205 624 sor]
350 559 403 609 on
426 558 549 610 asaro
574 559 743 611 caturco.
795 560 865 611 crs.
894 560 948 611 Vl!
1108 551 1170 630 263

115 731 254 811 paratos
290 722 411 801 videat,
439 732 477 785 ut
510 721 636 786 nullum
673 743 734 805 pro
770 742 831 787 sua
859 721 958 787 laude
988 719 1167 804 periculum

115 833 281 903 recusent,
298 845 449 890 summae
470 846 507 889 se
530 826 711 909 iniquitatis
728 825 941 891 condemnari
962 826 1093 903 debere,
1108 824 1169 889 nisi

85 942 234 992 neotum
255 931 360 994 vitam
382 950 444 993 sua
466 929 574 995 salute
595 930 717 995 habeat
741 929 919 993 cariorem!
966 928 1020 995 Sic
1047 929 1168 995 milites

113 1032 308 1097 consolatus
322 1034 441 1097 eodem
461 1034 516 1097 die
537 1033 662 1098 reducit
676 1034 709 1096 in
734 1041 841 1097 castra
862 1033 1063 1115 reliquaque,
1081 1053 1168 1116 quae

114 1135 159 1199 ad
197 1137 485 1219 oppugnationem
529 1136 738 1220 pertinebant
775 1136 900 1221 oppidi,
937 1137 1167 1201 administrare

112 1238 268 1305 instituit

52 1357 96 1409 20
159 1343 425 1427 Vercingetorix,
443 1364 520 1409 cum
543 1346 587 1409 ad
609 1364 687 1409 suos
707 1344 854 1419 redisset,
872 1344 1067 1428 proditionis
1090 1344 1166 1409 insi·
1181 1358 1313 1424 vaninge

114 1446 272 1523 mulatus,
288 1450 395 1530 ‘quod
415 1458 524 1513 castra
546 1449 682 1531 propius
697 1448 871 1511 Romanos
894 1448 1060 1526 movisset,
1074 1448 1164 1530 quod
1178 1426 1323 1539 fflffim‚

113 1571 192 1614 cum
208 1552 301 1615 omni
315 1553 463 1634 equitatu
478 1551 689 1628 discessisset,
706 1552 797 1634 quod
811 1552 882 1615 sine
900 1551 1040 1634 imperio
1053 1561 1165 1615 tantas
1178 1555 1227 1605 sels
1233 1557 1329 1619 ΨΜ

113 1655 230 1738 copias
260 1654 451 1737 reliquisset,
482 1658 574 1738 quod
611 1656 682 1719 eius
710 1656 856 1719 discessu
887 1655 1032 1719 Romani
1069 1666 1164 1720 tanta
1177 1620 1294 1737 iffi?
1310 1620 1340 1670 οἰ

87 1759 367 1840 ιορροηιιηὶῐαῐε
391 1769 427 1824 et
451 1758 620 1824 celeritate
641 1760 919 1823 venissent-non
946 1758 1028 1824 haec
1053 1759 1165 1823 omnia

114 1862 252 1926 fortuito
280 1872 339 1926 aut
368 1863 438 1926 sine
475 1863 613 1927 consilio
641 1864 791 1927 accidere
820 1862 990 1945 potuisse;
1028 1884 1164 1947 regnum

115 1965 208 2029 illum
237 1964 368 2030 Galliae
394 1965 492 2030 malle
519 1966 672 2031 Caesaris
701 1986 859 2032 concessu
888 1986 989 2049 quarn
1020 1966 1166 2049 ipsorum

88 2070 238 2138 sbabere
273 2068 512 2134 beneficio'-:
548 2071 608 2134 tali
652 2072 754 2136 modo
790 2080 962 2135 accusatus
1004 2071 1048 2134 ad
1084 2071 1166 2137 haec

115 2175 307 2256 respondit:
331 2174 439 2256 ‘quod
459 2182 567 2238 castra
586 2175 756 2252 movisset,
771 2175 894 2239 lactum
916 2176 1029 2258 inopia
1051 2175 1165 2259 pabuli

116 2279 215 2341 etiam
239 2277 318 2361 ipsis
340 2276 571 2354 hortantibus3
593 2278 684 2359 quod
704 2279 840 2359 propius
864 2278 1035 2342 Romanos
1056 2299 1165 2343 acces-

115 2380 218 2459 sisset,
235 2401 427 2463 persuasum
443 2380 508 2444 loci
522 2381 782 2463 opportunitate,
798 2382 905 2463 quise
922 2382 993 2464 ipse
1007 2382 1080 2445 sine
1095 2403 1165 2445 mu-

90 2484 239 2550 4nitione
254 2485 466 2562 defenderet,
489 2486 641 2567 equitum
660 2505 740 2548 vero
758 2504 894 2567 operam
912 2504 1021 2567 neque
1037 2485 1070 2549 in
1090 2483 1164 2550 loco

117 2587 252 2667 palustri
284 2588 462 2653 desiderari
489 2589 644 2651 debuisse
667 2597 702 2652 et
729 2588 795 2652 illic
819 2586 918 2653 fuisse
941 2588 1071 2667 utilem,
1095 2609 1163 2671 quo

90 2691 180 2761 ssint
201 2693 352 2777 proiecti.
398 2691 572 2757 Summam
595 2692 724 2773 imperii
752 2712 788 2755 se
814 2691 966 2757 consulto
989 2692 1069 2756 nulli
1096 2694 1162 2759 dis·

116 2797 288 2861 cedentem
309 2796 493 2875 tradidisse,
508 2816 551 2860 ne
573 2798 602 2859 is
622 2795 846 2860 multitudinis
866 2796 978 2861 studio
1001 2798 1044 2861 ad
1067 2797 1162 2861 dimi-

116 2900 257 2965 candum
283 2900 528 2983 impelleretur3
561 2902 614 2966 cui
636 2900 683 2964 rei
707 2908 844 2983 propter
864 2901 967 2964 animi
989 2899 1162 2965 mollitiem

116 3003 246 3068 studere
268 3026 383 3069 omues
405 3005 544 3083 videret,
560 3005 650 3087 quod
672 3005 797 3069 diutius
819 3003 968 3069 laborem
989 3005 1073 3067 ferre
1095 3024 1162 3067 non

90 3118 257 3183 spossent.
314 3108 459 3173 Romani
487 3108 517 3171 si
552 3128 630 3172 casu
669 3108 913 3185 intervenerint,
945 3106 1105 3182 fortunae,
1135 3110 1162 3171 si

117 3206 249 3273 alicuius
266 3211 389 3276 indicio
407 3214 528 3291 vocati,
543 3211 620 3275 huic
642 3210 830 3276 habendam
851 3212 1003 3294 gratiam,
1018 3212 1109 3293 quod
1129 3221 1164 3275 et

118 3313 316 3389 paucitatem
332 3335 445 3378 eorum
461 3335 506 3378 ex
521 3314 595 3380 loco
613 3316 783 3397 superiore
797 3334 997 3399 cognoscere
1012 3326 1046 3378 et
1061 3316 1162 3378 virtu-

117 3423 181 3479 tem
200 3418 370 3500 despicere
392 3418 570 3502 potuerint,
590 3422 647 3503 qui
666 3419 825 3483 dimicare
845 3439 912 3483 nou
934 3418 1004 3483 ausi
1023 3417 1163 3501 turpiter

92 3535 151 3585 ise
171 3520 204 3584 iu
226 3531 334 3588 castra
360 3522 555 3605 receperint.
599 3524 780 3607 Imperium
807 3542 844 3586 se
870 3520 914 3585 ab
936 3521 1078 3587 Caesare
1103 3542 1163 3605 per

118 3624 336 3699 proditionem
365 3626 492 3691 nullum
522 3628 720 3705 desiderare,
750 3628 841 3709 quod
870 3625 994 3690 habere
1022 3626 1162 3693 victoria

117 3738 232 3804 posset,
269 3749 356 3813 quae
395 3731 461 3794 iam
499 3741 585 3795 esset
621 3730 683 3794 sibi
720 3738 822 3813 atque
861 3729 1017 3793 omnibus
1054 3725 1162 3796 Gallis

147 3920 190 3971 20.
203 3928 217 3983 ς
231 3940 252 3975 1.
270 3930 348 3986 quod
365 3935 466 3990 oum,
478 3931 524 3979 do.
559 3928 610 3978 For
694 3932 742 3989 53.
760 3930 813 3979 tell
825 3930 909 3978 modo
920 3935 1075 3979 unumne.
1099 3928 1162 3979 This

117 3980 156 4056 ibe
166 3984 272 4041 tornois
282 3991 451 4058 repetitiones
459 3996 467 4020 ‘
475 3994 542 4059 quod
551 3994 557 4015 ¹
570 4010 609 4060 cp
659 3994 732 4045 tskes
742 4009 777 4059 up
789 3997 796 4022 ‘
805 3992 954 4059 proditionis
965 3992 1136 4045 insimulatua’

117 4061 133 4094 ι.
148 4062 184 4114 19,
196 4058 208 4113 5
222 4068 245 4107 1.
692 4062 907 4119 inoptspabult.
938 4060 977 4121 18,
991 4065 1004 4121 ς
1019 4074 1040 4112 1.
