2984 4992
160 797 206 845 but
220 793 308 842 Avari·

160 874 218 911 eura
231 860 252 907 is

162 925 258 989 ῬΜ

329 508 391 571 260
675 517 704 568 c.
729 516 828 567 rum
851 514 1042 568 cassatus
1286 515 1342 581 [rs.
1355 530 1392 565 2-

331 701 436 765 prope
460 676 634 763 explorata
656 679 793 744 victoria
817 676 965 743 celeriter
994 676 1115 743 amissa
1145 677 1390 763 reciperaturos

332 782 552 850 confidebant.
597 782 810 847 Deliberatur
829 783 873 846 de
894 780 1071 846 Avarico
1061 801 1096 845 m
1118 782 1288 847 communi
1311 798 1391 843 con-
1405 802 1419 850 3

332 888 415 964 cilio,
431 886 560 951 incendi
576 886 724 968 placeret
737 906 781 949 an
800 884 944 949 delendi.
990 884 1218 949 Procumbunt
1234 883 1420 955 omnibusr

334 989 439 1055 Gallis
453 990 498 1055 ad
513 990 616 1071 pedes
629 988 824 1071 Bituriges,‘
834 1008 877 1053 ne
892 986 1147 1071 pulcherrimam
1163 1008 1271 1071 prope
1284 987 1393 1051 totius

334 1094 462 1159 Galliae
483 1094 609 1170 urbem,
623 1113 709 1176 quae
731 1093 898 1177 pracsidio
922 1101 956 1157 et
978 1102 1174 1157 ornamento
1193 1090 1236 1155 sit
1254 1091 1392 1163 civitati,

332 1198 402 1263 suis
439 1197 593 1262 manibus
630 1196 831 1261 succendere
867 1206 1082 1279 cogerentur:
1119 1194 1213 1261 facile
1249 1214 1288 1259 se
1324 1192 1420 1259 locis

333 1312 449 1367 natura
461 1296 670 1366 defensuros'
683 1300 809 1378 dicunt,
821 1304 828 1333 ‘
838 1298 928 1382 quod
940 1318 1046 1382 prope
1060 1318 1105 1363 ex
1119 1298 1276 1363 omnibus
1288 1298 1392 1381 parti-

334 1404 398 1470 bus
426 1403 563 1468 flumine
592 1414 627 1469 et
655 1403 779 1486 palude
814 1402 1019 1467 circumdata
1055 1422 1158 1467 unum
1194 1401 1320 1467 habeat
1357 1411 1393 1465 et

334 1518 571 1592 perangustum
598 1503 744 1573 aditum?
791 1507 900 1571 Datur
926 1506 1117 1590 petentibus
1139 1506 1237 1569 venia
1263 1505 1422 1570 dissue-⁶

334 1614 437 1677 dente
451 1611 560 1694 primo
574 1610 857 1695 Vercingetorige,
873 1620 951 1693 post
970 1611 1173 1674 concedente
1188 1618 1222 1674 et
1238 1609 1395 1691 precibus

334 1716 480 1799 ipsorum
497 1724 533 1779 et
547 1714 769 1779 misericordia
783 1714 884 1797 vulgi.
921 1712 1120 1777 Defensores
1136 1714 1263 1795 oppido
1278 1711 1394 1777 idonei

335 1817 534 1899 deliguntur.

380 1920 633 2004 Vercingetorix
656 1920 839 1985 minoribus
866 1919 1045 1985 Caesarem
1075 1920 1245 1985 itineribus
1275 1918 1438 1985 subse-16

337 2022 448 2107 quitur
463 2032 498 2088 et
511 2023 621 2087 locum
642 2024 758 2088 castris
778 2024 895 2108 deligit
911 2024 1088 2107 paludibus
1111 2024 1268 2107 silvisque
1284 2023 1392 2087 muni-

338 2137 410 2192 tum
439 2127 484 2192 ab
514 2127 658 2192 Avarico
688 2128 787 2211 longe
818 2127 908 2191 milia
937 2148 1094 2211 passuum
1124 2141 1200 2191 XVI.
1248 2128 1303 2193 Ibi
1332 2148 1419 2212 pera

337 2241 447 2297 certos
475 2229 703 2314 exploratores
733 2234 768 2297 in
797 2230 928 2317 singula
956 2232 1023 2297 diei
1047 2243 1207 2314 tempora,
1234 2253 1321 2315 quae
1348 2232 1391 2295 ad

339 2333 518 2401 Avaricum
543 2344 727 2417 agerentur,
751 2334 973 2419 cognoscebat
999 2345 1043 2415 et,
1068 2337 1150 2420 quid
1182 2334 1251 2401 fieri
1284 2335 1391 2411 vellet,

337 2438 532 2523 imperabat
586 2436 713 2504 Omnes
738 2450 870 2503 nostras
899 2438 1132 2523 pabulationes
1160 2439 1419 2515 frumentatio-3

338 2563 463 2626 necque
480 2540 678 2607 observabat
700 2542 942 2627 dispersosque,
956 2563 1032 2608 cum
1054 2542 1185 2627 longius
1207 2544 1391 2609 necessario

340 2647 566 2729 procederent,
574 2645 785 2711 adoriebatur
797 2666 985 2731 magnoque
993 2647 1204 2711 incommodo
1216 2647 1391 2721 afficiebat,

340 2750 413 2829 etsi,
428 2760 588 2832 quantum
600 2749 730 2815 ratione
744 2750 909 2831 provideri
930 2760 1069 2834 poterat,
1083 2750 1127 2815 ab
1143 2750 1265 2815 nostris
1280 2771 1391 2815 occur-

340 2854 483 2928 rebatur,
514 2862 552 2917 ut
585 2852 718 2917 incertis
749 2853 953 2937 temporibus
987 2854 1190 2937 diversisque
1219 2854 1392 2919 itineribus

340 2955 451 3021 iretur.

172 3080 265 3130 cm
275 3076 330 3141 lay·
386 3058 510 3124 Castris
533 3059 577 3124 ad
604 3078 679 3123 eam
705 3068 835 3143 partem
865 3058 978 3143 oppidi
1005 3060 1122 3143 positis
1146 3059 1281 3139 Caesar,
1310 3082 1393 3145 quae
1405 3064 1437 3117 17

171 3146 238 3212 stege
249 3154 277 3196 to

173 3211 315 3262 Avaricum.

342 3162 528 3229 intermissa
552 3183 574 3227 a
599 3160 734 3226 flumine
763 3172 797 3227 et
823 3183 844 3227 a
869 3162 1044 3245 paludibus
1069 3164 1207 3243 aditum,
1227 3174 1266 3228 ut
1295 3185 1393 3248 supra

343 3267 500 3343 diximus,
522 3276 701 3349 angustum
723 3265 878 3343 habebat,
901 3286 1057 3350 aggerem
1087 3287 1259 3351 apparare,
1281 3269 1392 3334 vineas

375 3480 417 3527 15
438 3481 492 3543 ς
517 3478 650 3527 omntbru
678 3478 771 3527 Gallia
807 3480 844 3528 ad
893 3476 1053 3541 antiquariae.
1093 3476 1168 3529 Some
1193 3479 1302 3545 vesoges
1331 3480 1393 3532 oia

342 3545 437 3602 pedu.
467 3492 540 3607 Cp.
532 3558 548 3591 ι.
563 3554 603 3605 31,
618 3546 683 3602 Μ’
691 3542 793 3593 Caesari
810 3542 844 3593 ad
894 3558 976 3607 camp,
995 3544 1120 3608 supposed
1136 3544 1249 3594 however
1271 3554 1300 3595 to
1321 3546 1352 3597 be
1368 3544 1394 3593 ol

894 3606 957 3657 later
967 3608 1032 3672 date,
1047 3625 1111 3659 were
1127 3608 1237 3674 actually
1249 3610 1391 3663 discovered

366 3670 729 3825 liutwardi?
740 3688 844 3789 ,tlt
893 3673 1207 3804 ἶῖὧᾱ“ρῗιι”’ῗέξῖἓΐ“’·
1172 3676 1303 3742 ‘''P‘ffl'
1319 3680 1390 3728 Μ
1481 3704 1482 3707 ‘

343 3754 376 3854 6η
399 3800 553 3868 Napoleon’s
579 3753 639 3871 pinu
661 3803 691 3854 ol
709 3804 844 3855 Avaricum
926 3820 944 3855 a
960 3740 1088 3855 limine.
1130 3757 1224 3857 scitii.
1236 3804 1277 3866 26,
1291 3810 1352 3866 δι’
1360 3806 1390 3855 ab

345 3868 427 3947 (plata
436 3870 496 3935 ao)
488 3884 609 3934 uapore
619 3868 690 3920 ellort
700 3869 731 3920 oi
739 3870 843 3935 imagin
894 3866 995 3921 labore.¹
1028 3871 1058 3920 In
1070 3882 1110 3935 70,
1124 3876 1213 3930 §rure
1230 3872 1314 3923 have‘
1322 3874 1389 3923 iuter·

343 3934 422 3994 ation,
444 3949 473 3985 aa
497 3934 512 3985 1
534 3950 585 3985 waa
615 3936 714 3986 named
740 3934 844 3999 hythe
894 3936 996 3987 missam
1008 3882 1132 3989 collibus!

344 4006 466 4065 accrcury
487 4000 518 4049 oi
537 4001 580 4051 the
605 4000 675 4053 local
702 4001 796 4067 mcicty
818 4001 848 4053 ol
