2984 4992
315 450 378 531 258
661 462 690 512 C.
715 462 812 513 IULII
834 462 1022 515 CAESARIS
1273 464 1329 530 [12.
1343 477 1377 525 3-

316 626 473 710 pleraque
490 636 562 691 erat
584 638 795 707 consecutus,
810 647 905 692 arma
926 626 1080 703 conferri,
1095 646 1200 711 equos
1221 626 1374 710 produci,
1482 666 1483 725 ἐ

316 730 451 795 obsides
474 730 546 795 dari
571 730 672 796 iubet.
728 732 828 797 Parte
857 732 924 795 iam
954 730 1110 795 obsidum
1135 730 1270 804 tradita,
1296 746 1402 793 cum4

316 834 443 915 reliqua
464 834 780 907 administrarentur,
795 834 1042 900 centurionibus
1065 842 1100 898 et
1121 833 1236 917 paucis
1260 832 1375 897 militi-

316 937 380 1001 bus
394 938 600 1019 intromissis,
614 938 671 1020 qui
685 958 778 1003 arma
793 938 1007 1021 iumentaque
1022 936 1265 1018 conquirerent,
1281 938 1376 1019 equi·

316 1050 407 1105 tatus
421 1041 568 1106 hostium
584 1042 697 1125 procul
708 1042 798 1105 visus
814 1052 874 1119 est,
886 1041 944 1124 qui
956 1060 1078 1125 agmen
1090 1040 1376 1124 Vercingetorigis

316 1153 545 1209 antecesserat
592 1144 816 1226 Quemsimul
835 1153 937 1228 atque
952 1144 1110 1228 oppidani
1125 1154 1375 1226 conspexerunt
1389 1153 1402 1201 ⁵

316 1258 418 1329 atque
443 1248 478 1312 in
500 1269 593 1330 spem
620 1247 735 1311 auxilii
762 1258 933 1323 venerunt,
955 1247 1102 1313 clamore
1124 1247 1256 1312 sublato
1281 1268 1377 1311 arma

316 1371 443 1433 capere,
474 1362 588 1435 portas
626 1352 793 1431 claudere,
823 1372 956 1416 murum
982 1351 1158 1434 complere·
1179 1364 1373 1434 coeperunt

318 1453 536 1521 Centuriones
558 1456 591 1518 in
613 1455 749 1539 oppido,
765 1475 841 1521 cum
864 1476 908 1519 ex
931 1453 1174 1539 significatione
1197 1454 1403 1519 Gallorum⁶

315 1558 392 1621 novi
415 1558 543 1641 aliquid
568 1559 613 1623 ab
640 1559 679 1623 iis
708 1558 784 1621 iniri
814 1556 942 1623 consilii
973 1556 1226 1636 intellexissent,
1250 1558 1374 1642 gladiis

317 1660 481 1726 destrictis
494 1672 608 1744 portas
628 1671 874 1744 occupaverunt
893 1680 1037 1744 suosque
1056 1680 1173 1724 ornnes
1189 1662 1374 1726 incolumes
1482 1710 1483 1715 η

317 1773 518 1843 receperunt.

146 1868 263 1933 nctuey
362 1865 484 1931 Caesar
511 1888 556 1931 ex
586 1870 702 1933 castris
731 1870 915 1952 equitatum
945 1868 1043 1933 educi
1074 1868 1175 1943 iubet,
1206 1870 1371 1950 proelium
1385 1876 1421 1929 13

147 1935 289 2050 ffiffit‘d
318 1978 470 2051 equestre
499 1972 697 2051 committit;
733 1972 957 2037 laborantibus
991 1974 1057 2035 iam
1086 1972 1155 2037 suis
1186 1971 1374 2037 Germanos

147 2064 306 2182 ’Μῶξάῑὸ
318 2074 445 2157 equites
468 2075 595 2139 circiter
622 2089 714 2140 cccc
738 2076 913 2153 submittit,
939 2095 1025 2158 quos
1055 2076 1098 2139 ab
1122 2075 1218 2139 initio
1244 2075 1373 2141 babere

147 2147 223 2196 comp
289 2166 428 2243 ‘secum
444 2178 642 2243 instituerat.
687 2179 815 2243 Eorum
838 2180 1002 2263 impetum
1019 2176 1106 2242 Galli
1128 2179 1290 2243 sustinere
1304 2198 1401 2244 nona

317 2292 496 2363 potuerunt
517 2291 619 2363 atque
640 2282 674 2345 in
694 2283 809 2365 sugam
830 2283 970 2347 coniecti
993 2282 1105 2345 multis
1124 2282 1255 2347 amissis
1272 2302 1308 2347 se
1327 2284 1371 2346 ad
1482 2304 1483 2319 ³

318 2404 437 2468 agmen
459 2393 662 2469 receperunt.
707 2385 840 2469 Quibus
861 2385 1044 2469 profligatis
1071 2406 1181 2451 rursus
1206 2386 1371 2470 oppidani
1482 2466 1483 2483 ἵ

317 2489 479 2570 perterriti
495 2488 753 2571 comprehensos
774 2508 840 2567 eos,
855 2508 997 2571 quorum
1017 2508 1119 2573 opera
1136 2488 1271 2572 plebem
1290 2508 1371 2553 con·
1482 2494 1483 2497 ’

317 2592 453 2655 citatam
468 2590 716 2665 existimabant,
730 2593 773 2656 ad
792 2591 968 2657 Caesarem
988 2593 1215 2675 perduxerunt
1230 2612 1373 2675 seseque

147 2700 240 2751 Caesar
318 2695 348 2759 ei
370 2695 576 2759 dediderunt.
622 2694 753 2779 Quibus
775 2697 873 2760 rebus
895 2694 1054 2760 coniectis
1073 2693 1196 2760 Caesar
1210 2696 1254 2759 ad
1272 2698 1402 2779 oppia

148 2765 399 2881 fflffdum
420 2798 612 2883 Avaricum,
626 2800 717 2881 quod
738 2810 811 2864 erat
831 2799 1018 2864 maximum
1043 2798 1374 2881 munitissimumque

316 2903 350 2967 in
365 2901 486 2966 finibus
506 2901 693 2985 Biturigum
708 2911 810 2986 atque
829 2904 898 2985 agri
914 2901 1115 2967 fertilissima
1132 2902 1277 2986 regione,
1291 2923 1373 2986 pro-

316 3006 423 3071 iectus
438 3014 499 3084 est,
514 3006 607 3087 quod
628 3024 669 3069 eo
688 3007 816 3089 oppido
835 3015 969 3088 recepto
991 3006 1157 3071 civitatem
1180 3006 1371 3089 Biturigum
1482 3086 1483 3103 χ

316 3111 401 3176 sein
415 3117 616 3193 potestatem
631 3110 841 3174 redacturum
856 3108 1053 3175 confidebat

349 3249 450 3305 lats.
466 3247 629 3303 profligetis
648 3242 815 3309 ‘Proflignre’
865 3244 958 3295 almost
977 3244 1012 3293 all
1035 3244 1101 3294 sides
1123 3246 1156 3307 by
1171 3260 1187 3293 a
1207 3243 1317 3294 udworlc
1344 3248 1376 3296 ol

316 3312 374 3363 here
395 3326 480 3361 mos
498 3310 591 3374 merely
609 3314 652 3360 ‘to
670 3310 744 3372 ront,'
767 3310 816 3361 aud
865 3320 949 3368 water,
968 3309 1064 3361 formed
1079 3310 1113 3375 by
1129 3310 1172 3359 tbe
1188 3310 1265 3359 rivers
1279 3310 1372 3361 Aaron

316 3379 339 3428 is
349 3385 394 3428 not
404 3376 536 3441 employed
547 3377 572 3425 in
584 3375 626 3425 the
638 3376 698 3426 liner
709 3392 779 3426 sense
789 3376 819 3425 ol
866 3375 915 3425 and
925 3374 1013 3435 Verre,
1022 3376 1066 3425 but
1076 3376 1118 3425 the
1127 3375 1237 3425 marshes
1245 3375 1276 3424 oi
1284 3374 1371 3428 which

317 3440 815 3559 intimantur?
866 3440 1371 3570 Ctffitffiliailllt'ni-'ffi

317 3576 366 3623 xxi
376 3588 416 3636 40,
430 3579 442 3631 ξ
453 3585 480 3622 11
491 3590 498 3631 ς
514 3572 567 3623 Cic.
575 3542 652 3621 Pron,
658 3522 733 3622 Cilus.
744 3578 756 3631 5
766 3522 816 3635 3?
866 3523 972 3637 {ardens
982 3572 1030 3620 and
1043 3573 1151 3635 leeming
1162 3571 1288 3621 orchards.
1311 3522 1372 3624 liuh}

353 3644 401 3701 53.
418 3642 581 3689 Avertonm.
621 3638 687 3688 Now
705 3638 816 3701 Bourges
866 3644 935 3687 town
944 3638 966 3686 is
974 3652 1032 3687 now
1040 3637 1183 3687 dominated
1193 3637 1268 3701 byits
1280 3638 1371 3701 majera

318 3704 457 3767 (e‘Bitnri
475 3702 540 3767 es'),
552 3720 569 3753 a
581 3711 649 3753 town
665 3702 694 3753 ol
706 3704 816 3753 between
867 3704 901 3753 tic
912 3702 1050 3763 cathedral,
1061 3702 1142 3751 which
1153 3717 1200 3751 cen
1217 3703 1247 3751 be
1259 3718 1316 3752 seen
1328 3704 1371 3754 ior

317 3770 383 3832 iorty
394 3768 443 3818 and
455 3720 508 3833 luy
518 3768 641 3820 tbonsnnd
655 3768 816 3827 inhabitants,
866 3768 939 3818 miles
958 3768 1007 3817 and
1033 3768 1105 3818 miles
1126 3768 1203 3832 along
1231 3768 1275 3817 the
1304 3772 1370 3819 rond

317 3834 367 3884 and
383 3834 426 3884 the
445 3834 538 3899 capitul
557 3834 586 3884 ol
600 3836 643 3884 the
660 3834 817 3899 department
867 3834 950 3885 before
958 3833 1077 3898 anytbing
1088 3834 1138 3883 else
1149 3848 1234 3883 comes
1246 3834 1271 3883 in
1283 3835 1358 3884 view.

317 3900 347 3950 oi
355 3900 427 3949 Cher.
462 3900 486 3950 It
495 3900 545 3949 still
555 3915 660 3950 unsvers
669 3906 696 3949 to
703 3898 817 3949 Caesm's
899 3902 969 3958 ezr-l.
994 3898 1113 3950 Partitlve
1120 3898 1237 3963 genitive,
1252 3900 1297 3950 ‘oi
1302 3900 1371 3951 their

316 3964 467 4029 description
482 3979 511 4015 es
526 3966 600 4030 being
612 3966 765 4016 snrronnded
782 3980 816 4016 on
866 3961 989 4029 country?
