2984 4992
332 549 390 596 112
675 543 703 596 C.
728 543 827 596 wan
848 543 1036 597 CAESARIS
1282 543 1385 610 [121-

161 719 255 796 andny
378 704 454 770 Hac
478 703 674 770 confirmata
697 705 858 788 opinione
878 705 1008 772 timoris
1031 704 1188 772 idoneum
1212 706 1381 790 quendam
1393 711 1429 765 18

162 783 318 900 {³32¹}ssOE
331 809 501 874 hominem
535 817 569 874 et
603 808 760 876 callidum
797 808 933 896 delegit,
963 807 1109 886 Gallum,
1138 829 1185 874 ex
1218 810 1269 884 iis,
1297 829 1383 892 quos

162 913 285 992 tqauaek
332 913 449 978 auxilii
477 932 577 977 causa
603 933 715 978 secum
745 912 902 979 babebat
948 912 1040 978 Huic
1065 914 1197 999 magnis
1225 913 1407 998 praemiiss
1479 904 1480 955 }

133 980 287 1110 {ffifp
333 1015 695 1102 pollicitationibusque
724 1020 912 1100 persuadet,
936 1018 987 1084 uti
1012 1017 1056 1082 ad
1085 1016 1199 1082 hostes
1224 1025 1382 1094 transeat,
1480 1028 1482 1169 μ

162 1118 231 1227 ξοῐθῑῐ
243 1109 291 1160 vic-
333 1130 378 1196 et,
393 1121 474 1205 quid
490 1121 559 1186 fieri
578 1120 668 1200 velit,
681 1121 812 1187 edocet
857 1119 926 1204 Qui
947 1120 1004 1186 ubi
1022 1141 1085 1205 pro
1105 1120 1246 1206 perfuga
1265 1122 1309 1186 ad
1325 1141 1408 1192 cosa

189 1192 223 1239 η’
332 1225 435 1304 venit,
450 1225 604 1289 timorem
623 1224 856 1290 Romanomm
876 1226 1054 1308 proponit3
1077 1225 1200 1308 qmbus
1219 1224 1383 1308 angustiis

333 1329 405 1414 ipse
429 1327 553 1394 Caesar
576 1348 597 1391 a
620 1328 760 1393 Venetis
782 1339 962 1412 prematur,
988 1329 1096 1407 docet,
1118 1348 1226 1412 neque
1250 1327 1410 1413 longius4

330 1433 457 1511 abesse,
484 1432 565 1516 quin
593 1425 749 1515 pro'xima
778 1442 876 1498 nocte
901 1431 1046 1498 Sabinus
1074 1432 1162 1498 clam
1191 1452 1237 1497 ex
1267 1432 1382 1497 castris

331 1537 516 1602 exercitum
537 1537 657 1601 educat
679 1547 714 1601 et
734 1537 778 1601 ad
795 1536 972 1603 Caesarem
993 1535 1113 1601 auxilii
1134 1535 1262 1602 ferendi
1285 1556 1381 1601 causa
1481 1540 1482 1603 3

332 1640 567 1726 proficiscatur.
606 1639 709 1724 Quod
721 1641 779 1704 ubi
794 1640 948 1706 auditum
962 1650 1023 1720 eat,
1033 1639 1243 1706 conclamant
1258 1657 1407 1718 omnem
1481 1688 1482 1699 2

332 1743 541 1810 occasionem
556 1745 682 1828 negotii
700 1746 787 1811 bene
805 1745 942 1830 gerendi
962 1743 1183 1810 amittendam
1203 1764 1272 1808 non
1293 1764 1381 1808 esse:

331 1847 376 1912 ad
402 1858 510 1914 castra
536 1849 575 1914 iri
602 1860 764 1934 oportere
811 1849 941 1914 Multae
970 1870 1022 1914 res
1046 1847 1092 1914 ad
1117 1847 1182 1912 hoc
1207 1849 1408 1913 consiliumn

333 1945 449 2012 Gallos
464 1948 701 2015 hortabantur:
718 1952 925 2035 superiorum
937 1949 1065 2014 dierum
1076 1947 1190 2014 Sabini
1202 1949 1383 2026 cunctatio,

334 2051 491 2136 perfugae
513 2053 730 2132 confirmatio,
754 2056 868 2138 inopia
889 2053 1097 2128 cibariorum,
1117 2053 1171 2117 cui
1194 2053 1241 2116 rei
1264 2073 1382 2136 parum

334 2139 511 2240 diligenter
533 2157 576 2222 ab
602 2159 642 2224 us
665 2169 736 2224 erat
761 2159 942 2242 provisum,
964 2177 1041 2240 spes
1063 2156 1216 2222 Venetici
1242 2157 1325 2222 neni
1350 2166 1383 2222 et

334 2263 425 2346 quod
453 2262 520 2327 sere
546 2263 688 2328 libenter
713 2263 868 2329 homines
891 2263 936 2338 id,
961 2264 1054 2346 quod
1079 2260 1208 2338 volunt,
1232 2263 1382 2327 credunt.

336 2365 403 2432 His
428 2367 526 2432 rebus
551 2367 688 2432 adducti
713 2387 780 2432 non
805 2367 899 2450 prius
920 2366 1149 2432 Viridovicem
1173 2365 1409 2449 reliquosquez

334 2472 436 2537 duces
451 2491 495 2536 ex
511 2470 651 2536 concilio
667 2469 851 2547 dimittunt,
867 2491 969 2555 quam
984 2471 1029 2535 ab
1044 2468 1096 2534 his
1114 2469 1160 2535 sit
1178 2489 1383 2546 concessum,
1483 2496 1484 2547 j

334 2595 428 2640 arma
458 2575 508 2639 uti
537 2575 671 2658 capiant
700 2583 735 2638 et
764 2577 808 2640 ad
837 2585 947 2641 castra
977 2573 1187 2639 contendant
1240 2570 1321 2655 Qua
1348 2583 1409 2636 res

334 2699 491 2745 concessa
516 2678 595 2745 laeti
622 2689 660 2745 ut
688 2679 866 2768 explorata
892 2678 1034 2744 victoria
1060 2675 1237 2741 sarmentis
1262 2677 1384 2760 virgul-

335 2782 446 2866 tisque
468 2781 625 2862 collectis,
649 2783 772 2865 quibus
797 2780 903 2849 fossas
927 2781 1156 2847 Romanorum
1181 2779 1384 2862 compleant,

335 2886 379 2950 ad
394 2894 502 2950 castra
516 2895 667 2970 pergunt.

380 2989 490 3053 Locus
519 2999 590 3054 erat
619 2999 801 3055 castrorum
836 2989 946 3057 editus
976 2998 1011 3055 et
1043 2987 1205 3072 paulatim
1238 2988 1283 3054 ab
1316 2989 1383 3052 imo
1394 3001 1430 3057 19

336 3091 468 3158 acclivis
483 3093 613 3156 circiter
627 3113 744 3176 passus
760 3093 858 3158 mille
903 3093 981 3156 Huc
997 3113 1120 3176 magno
1134 3112 1231 3158 cursu
1249 3102 1383 3158 conten-

337 3199 464 3276 derunt,
495 3206 532 3260 ut
566 3216 668 3279 quam
704 3197 879 3262 minimum
910 3196 1010 3280 spatii
1039 3197 1084 3262 ad
1114 3215 1151 3260 se
1180 3196 1385 3279 colligendos

337 3301 581 3383 armandosque
604 3299 767 3366 Romanis
791 3302 933 3379 daretur,
955 3301 1205 3382 exanimatique
1228 3319 1386 3383 pervene-

338 3416 423 3472 runt.
469 3403 615 3470 Sabinus
640 3424 718 3470 suos
744 3403 897 3470 hortatus
922 3403 1133 3487 cupientibus
1158 3402 1291 3487 signum
1318 3403 1411 3468 datr

340 3509 514 3594 Impeditis
542 3506 694 3572 hostibus
728 3518 865 3592 propter
894 3528 943 3589 ea,
973 3527 1059 3591 quae
1094 3504 1254 3584 ferebant,
1282 3527 1386 3572 onera

370 3717 412 3762 18.
426 3713 439 3770 l
452 3727 475 3774 4
493 3726 585 3770 nequa
598 3713 713 3770 longius
730 3715 838 3772 abesae,
887 3710 943 3761 The
955 3709 1039 3761 clause
1056 3707 1117 3760 with
1133 3705 1231 3774 ‘qnod’
1248 3708 1270 3760 is
1286 3711 1386 3777 equira-

338 3782 393 3840 αα,
408 3778 474 3826 ‘and
491 3779 557 3842 (says
572 3777 638 3838 that)
651 3791 685 3826 no
700 3777 763 3826 luter
777 3777 839 3826 than
886 3776 939 3826 lent
960 3783 989 3826 to
1009 3791 1042 3826 an
1064 3776 1170 3825 abmact
1191 3791 1268 3836 noun,
1286 3777 1338 3827 and
1359 3791 1387 3826 so

338 3843 381 3892 the
397 3851 455 3892 next
471 3844 542 3907 night
555 3842 662 3893 Sabinus
679 3841 764 3892 would
780 3843 839 3893 lead
887 3842 1041 3893 coordinatis
1059 3840 1120 3890 with
1139 3839 1318 3902 ‘mamatio,’‘
1332 3858 1388 3892 eon-

338 3907 378 3958 bis
389 3923 456 3970 army
469 3907 572 3972 secrerly
581 3916 625 3958 out
636 3907 666 3958 oi
674 3905 764 3974 camp!
788 3909 836 3973 Cp.
888 3906 1012 3968 firmatio,'
1024 3905 1243 3972 ‘inopia,'‘rpes'
1276 3907 1330 3957 For
1346 3907 1388 3958 the

338 3991 362 4025 v.
375 3988 399 4032 a,
412 3976 425 4031 l
440 3989 460 4023 a.
887 3973 1027 4034 sentiment,
1039 3987 1078 4037 cp.
1090 3973 1118 4021 B.
1130 3971 1161 4023 C.
1169 3971 1244 4035 ii.27,
1257 3977 1270 4032 5
1282 3978 1385 4034 a‘nnm‚

373 4038 423 4100 56.
448 4043 526 4098 quod
551 4043 611 4090 fera
636 4041 770 4102 libenter,
792 4043 838 4090 to.
888 4037 1256 4106 queevnlumna,etcredimm
1267 4033 1387 4089 libenter-⁵
