2984 4992
117 573 159 621 ts
175 568 204 634 t]
370 569 424 621 DE
445 570 569 623 BELLO
593 570 762 625 GALLICO.
813 572 884 625 ΗΒ.
909 573 927 623 1
1129 579 1171 643 25

116 730 242 813 Aedui,
269 734 326 815 qui
350 744 481 799 creatur
505 756 633 801 annuus
658 745 693 800 et
721 736 813 799 vitae
841 736 999 817 necisque
1028 735 1063 799 in
1092 757 1171 801 suos

89 836 222 901 thabet
250 846 462 920 potestatem,
492 840 636 923 graviter
671 858 730 903 eos
766 849 909 919 accusat,
938 840 1042 922 quod,
1072 845 1169 903 ‘cum

117 958 229 1021 neque
251 940 317 1005 emi
339 960 447 1023 neque
469 963 513 1007 ex
535 943 622 1025 agris
644 942 729 1007 sumi
752 952 876 1027 posset,
892 950 963 1008 tarn
984 944 1169 1007 necessario

117 1053 279 1126 tempore,
294 1055 365 1109 tam
380 1046 575 1129 propinquis
597 1046 750 1111 hostibus
763 1046 808 1111 ab
823 1046 865 1112 iis
877 1066 944 1111 non
960 1046 1168 1126 sublevetur:

117 1148 312 1230 praesertim
328 1168 403 1213 cum
420 1168 542 1235 magna
559 1171 603 1215 ex
621 1160 715 1233 parte
734 1170 848 1215 eorum
871 1150 1024 1233 precibus
1044 1150 1170 1215 adduc·

116 1260 171 1317 tus
195 1250 322 1315 bellum
348 1254 548 1337 susceperit;
571 1254 678 1319 multo
703 1254 805 1319 etiam
828 1256 971 1340 gravius,
993 1254 1084 1337 quod
1105 1254 1169 1317 ‘sit

117 1355 319 1435 destitutus‚'
335 1358 490 1439 queritur.

69 1470 103 1527 1¹1
159 1458 253 1523 Turn
270 1460 405 1525 demum
422 1461 539 1527 Liscus
554 1460 702 1527 oratione
717 1460 869 1527 Caesaris
882 1460 1057 1537 adductus,
1074 1460 1166 1542 quod
1179 1464 1266 1513 Liscus

116 1573 217 1629 antea
241 1550 398 1639 tacie'fat,
414 1565 590 1649 proponit:
613 1572 704 1630 ‘esse
726 1563 912 1643 nonnullos,
927 1584 1067 1647 quorum
1090 1529 1326 1644 auc-iffi&

116 1669 236 1733 toritas
252 1668 343 1751 apud
359 1667 491 1753 plebem
515 1668 694 1753 plurimum
710 1666 830 1745 valeat,
845 1668 903 1750 qui
921 1668 1079 1751 privatim
1094 1668 1170 1751 plus
1182 1660 1332 1709 Dumnorix.

92 1772 249 1854 apossint
281 1790 383 1854 quam
413 1772 475 1857 ipsi
510 1771 732 1856 magistratus.
779 1770 852 1836 Hos
880 1773 1040 1837 seditiosa
1068 1784 1170 1854 atque

117 1870 273 1955 improba
287 1872 434 1936 oratione
450 1871 700 1937 multitudinem
716 1872 890 1947 deterrere,
905 1892 948 1936 ne
967 1871 1169 1937 frumentum

91 1976 310 2051 tconlerarrt;
335 1976 426 2058 quod
453 1986 621 2059 praestare
644 1976 776 2054 debeat,
801 1975 830 2040 si
855 1976 923 2039 iam
947 1976 1169 2060 principatum

117 2077 250 2143 Galliae
270 2079 421 2144 obtinere
443 2098 509 2143 non
530 2079 667 2163 possint,
683 2077 856 2143 Gallorum
876 2099 978 2161 quam
998 2080 1169 2145 Romano·

90 2202 188 2254 rrum
210 2182 350 2267 imperia
372 2184 534 2265 perferre3
559 2202 668 2265 neque
689 2182 845 2249 dubitare
865 2180 1019 2260 debeant,
1036 2184 1126 2265 quin,
1141 2185 1169 2247 si

118 2284 293 2351 Helvetios
311 2287 535 2369 superaverint
557 2286 709 2362 Romani,
725 2307 792 2351 una
813 2306 890 2353 cum
912 2288 1039 2368 reliqua
1059 2286 1169 2351 Gallia

92 2389 249 2455 5Aeduis
285 2388 474 2454 libertatem
504 2391 570 2455 sint
600 2390 755 2473 erepturi.
810 2390 871 2456 Ab
900 2390 1024 2455 eisdem
1055 2402 1168 2454 nostra

117 2494 257 2558 consilia
273 2512 426 2575 quaeque
441 2495 475 2557 in
498 2495 614 2559 castris
635 2498 794 2578 gerantur
811 2494 964 2559 hostibus
985 2494 1167 2558 enuntiari:

91 2595 176 2661 thos
195 2618 215 2661 a
234 2616 272 2661 se
293 2598 436 2663 coerceri
457 2618 524 2663 non
547 2618 654 2682 posse.
700 2596 792 2680 Quin
814 2598 925 2671 etiarn,
940 2597 1031 2678 quod
1054 2616 1167 2661 neces·

116 2700 200 2766 saria
239 2721 277 2764 re
313 2710 449 2766 coactus
480 2700 613 2767 Caesari
647 2701 835 2778 enuntiarit,
865 2699 1057 2785 intellegere
1084 2721 1167 2779 sese,

117 2815 243 2885 quanto
260 2804 293 2868 id
310 2824 386 2869 cum
403 2804 548 2888 periculo
564 2804 687 2885 lecerit,
701 2814 736 2871 et
752 2805 798 2870 ob
817 2824 891 2869 eam
907 2824 1053 2883 causam,
1065 2822 1166 2887 quam

116 2908 171 2971 diu
186 2909 344 2991 potuerit,
360 2906 523 2973 tacuisse!

71 3029 105 3084 rs
159 3011 287 3077 Caesar
323 3012 385 3077 hac
415 3012 567 3077 oratione
597 3011 686 3076 Lisci
727 3011 978 3097 Dumnorigem,
1009 3011 1166 3076 Divitiaci

117 3114 262 3190 fratrem,
278 3116 442 3199 designari
457 3114 632 3197 sentiebat,
646 3116 716 3195 sed,
732 3116 823 3198 quod
842 3114 992 3199 pluribus
1012 3136 1166 3199 praesen-

116 3220 203 3284 tibus
218 3240 277 3284 eas
292 3238 345 3285 res
361 3220 475 3283 iactari
498 3218 643 3298 nolebat,
657 3219 806 3285 celeriter
825 3220 1001 3284 concilium
1016 3219 1167 3297 dimittit,

93 3320 252 3389 aLiscum
276 3322 405 3388 retinet.
450 3320 590 3407 Quaerit
609 3344 654 3389 ex
676 3322 750 3388 solo
771 3343 820 3403 ea,
835 3342 923 3405 quae
946 3324 979 3386 in
1002 3332 1166 3387 conventu

117 3473 618 3555 butir‘mngisuecp’nnd‘magittrste’
665 3474 735 3553 brutis
761 3474 788 3524 in
810 3474 1051 3551 lrinbajndgment.
1087 3473 1166 3538 Rhys,

195 3540 619 3658 elatustum
665 3540 1167 3719 “riduaram

147 3678 359 3731 seembs-stum.
393 3671 462 3723 ‘The
474 3671 582 3735 nualyrle
593 3670 623 3721 ol
665 3670 768 3720 ‘Debeo
792 3669 1166 3722 nnoomcoontoruebantss

118 3737 159 3788 the
182 3738 328 3805 eompound
349 3738 433 3787 would
457 3744 559 3803 suggest
586 3753 618 3787 nn
663 3736 795 3786 Translate
814 3740 864 3785 ‘on
883 3735 926 3785 the
947 3736 1046 3801 ground
1069 3736 1123 3787 thot
1144 3739 1166 3787 it

118 3802 236 3881 miserive
251 3802 389 3869 qmlitytng
402 3802 445 3881 tire
455 3818 528 3853 neme
539 3800 568 3851 ol
576 3802 619 3879 the
663 3802 742 3866 ought
753 3810 780 3851 to
791 3800 823 3852 be
835 3799 930 3851 better)

118 3868 331 3997 maur
345 3868 618 3999 sustitit:
663 3866 1166 3992 reformarem

118 3998 198 4049 ment!
240 3999 328 4063 Guerg
352 3999 377 4047 iu
405 4000 458 4049 Old
487 3998 577 4048 Breton
591 4020 612 4041 ι
663 3997 709 4048 hes
738 3998 800 4047 been
821 3997 947 4062 variously
967 3997 1088 4048 emended
1113 3999 1166 4047 into

119 4062 236 4125 ‘efficere'
254 4064 330 4129 being
346 4064 405 4115 elrln
425 4072 452 4115 to
470 4078 516 4115 our
533 4064 617 4127 work
663 4060 949 4115 ‘uecuuriooem'end
961 4063 1112 4115 ‘nemin
1122 4062 1164 4114 re!
