<?xml version="1.0" encoding="UTF-8"?>
<!DOCTYPE html PUBLIC "-//W3C//DTD XHTML 1.0 Transitional//EN"
    "http://www.w3.org/TR/xhtml1/DTD/xhtml1-transitional.dtd">
<html xmlns="http://www.w3.org/1999/xhtml" xml:lang="en" lang="en">
 <head>
  <title>
</title>
<meta http-equiv="Content-Type" content="text/html;charset=utf-8" />
  <meta name='ocr-system' content='tesseract 3.04.00' />
  <meta name='ocr-capabilities' content='ocr_page ocr_carea ocr_par ocr_line ocrx_word'/>
</head>
<body>
  <div class='ocr_page' id='page_1' title='image "./debellogallicob01stocgoog/debellogallicob01stocgoog_0379.png"; bbox 0 0 2984 4992; ppageno 0'>
   <div class='ocr_carea' id='block_1_1' title="bbox 125 578 1179 646">
    <p class='ocr_par' dir='ltr' id='par_1_1' title="bbox 125 578 1179 646">
     <span class='ocr_line' id='line_1_1' title="bbox 125 578 1179 646; baseline -0.002 -17"><span class='ocrx_word' id='word_1_1' title='bbox 125 583 171 632; x_wconf 72' lang='lat'>25.</span> <span class='ocrx_word' id='word_1_2' title='bbox 185 579 212 646; x_wconf 82' lang='lat' dir='ltr'>a]</span> <span class='ocrx_word' id='word_1_3' title='bbox 363 580 416 632; x_wconf 82' lang='lat' dir='ltr'>DE</span> <span class='ocrx_word' id='word_1_4' title='bbox 439 579 561 632; x_wconf 82' lang='lat' dir='ltr'><em>BELLO</em></span> <span class='ocrx_word' id='word_1_5' title='bbox 587 578 754 631; x_wconf 84' lang='lat' dir='ltr'><em>GALLICO.</em></span> <span class='ocrx_word' id='word_1_6' title='bbox 805 579 876 630; x_wconf 76' lang='grc' dir='ltr'>ΗΒ.</span> <span class='ocrx_word' id='word_1_7' title='bbox 902 578 949 629; x_wconf 86' lang='lat'>111</span> <span class='ocrx_word' id='word_1_8' title='bbox 1121 583 1179 646; x_wconf 81' lang='lat'>117</span> 
     </span>
    </p>
   </div>
   <div class='ocr_carea' id='block_1_2' title="bbox 66 739 1340 2589">
    <p class='ocr_par' dir='ltr' id='par_1_2' title="bbox 66 739 1340 2589">
     <span class='ocr_line' id='line_1_2' title="bbox 126 739 1178 823; baseline -0.001 -20"><span class='ocrx_word' id='word_1_9' title='bbox 126 741 184 804; x_wconf 92' lang='lat' dir='ltr'>ubi</span> <span class='ocrx_word' id='word_1_10' title='bbox 202 759 320 805; x_wconf 90' lang='lat' dir='ltr'>omnes</span> <span class='ocrx_word' id='word_1_11' title='bbox 335 741 424 806; x_wconf 90' lang='lat' dir='ltr'>idem</span> <span class='ocrx_word' id='word_1_12' title='bbox 439 741 561 806; x_wconf 90' lang='lat' dir='ltr'>sentire</span> <span class='ocrx_word' id='word_1_13' title='bbox 571 739 746 820; x_wconf 86' lang='lat' dir='ltr'>intellexit,</span> <span class='ocrx_word' id='word_1_14' title='bbox 758 750 928 823; x_wconf 89' lang='lat' dir='ltr'>postemm</span> <span class='ocrx_word' id='word_1_15' title='bbox 940 739 1030 804; x_wconf 91' lang='lat' dir='ltr'>diem</span> <span class='ocrx_word' id='word_1_16' title='bbox 1045 757 1178 822; x_wconf 86' lang='lat' dir='ltr'>pugnae</span> 
     </span>
     <span class='ocr_line' id='line_1_3' title="bbox 125 844 307 910; baseline 0.016 -4"><span class='ocrx_word' id='word_1_17' title='bbox 125 844 307 910; x_wconf 88' lang='lat' dir='ltr'>constituit.</span> 
     </span>
     <span class='ocr_line' id='line_1_4' title="bbox 66 945 1179 1032; baseline 0 -21"><span class='ocrx_word' id='word_1_18' title='bbox 66 969 113 1022; x_wconf 83' lang='lat'>24</span> <span class='ocrx_word' id='word_1_19' title='bbox 171 947 281 1011; x_wconf 89' lang='lat' dir='ltr'>Prima</span> <span class='ocrx_word' id='word_1_20' title='bbox 315 948 388 1015; x_wconf 89' lang='lat' dir='ltr'>luce</span> <span class='ocrx_word' id='word_1_21' title='bbox 417 947 589 1032; x_wconf 91' lang='lat' dir='ltr'>productis</span> <span class='ocrx_word' id='word_1_22' title='bbox 623 947 779 1013; x_wconf 88' lang='lat' dir='ltr'>omnibus</span> <span class='ocrx_word' id='word_1_23' title='bbox 811 947 917 1032; x_wconf 88' lang='lat' dir='ltr'>copiis</span> <span class='ocrx_word' id='word_1_24' title='bbox 949 945 1074 1030; x_wconf 86' lang='lat' dir='ltr'>duplici</span> <span class='ocrx_word' id='word_1_25' title='bbox 1108 947 1179 1012; x_wconf 90' lang='lat' dir='ltr'>acie</span> 
     </span>
     <span class='ocr_line' id='line_1_5' title="bbox 124 1048 1177 1134; baseline 0.001 -20"><span class='ocrx_word' id='word_1_26' title='bbox 124 1050 285 1130; x_wconf 89' lang='lat' dir='ltr'>instituta,</span> <span class='ocrx_word' id='word_1_27' title='bbox 301 1051 433 1116; x_wconf 86' lang='lat' dir='ltr'>auxiliis</span> <span class='ocrx_word' id='word_1_28' title='bbox 450 1051 483 1115; x_wconf 91' lang='lat' dir='ltr'>in</span> <span class='ocrx_word' id='word_1_29' title='bbox 501 1052 645 1116; x_wconf 88' lang='lat' dir='ltr'>mediam</span> <span class='ocrx_word' id='word_1_30' title='bbox 662 1051 768 1116; x_wconf 88' lang='lat' dir='ltr'>aciem</span> <span class='ocrx_word' id='word_1_31' title='bbox 787 1051 952 1125; x_wconf 89' lang='lat' dir='ltr'>coniectis,</span> <span class='ocrx_word' id='word_1_32' title='bbox 968 1049 1049 1134; x_wconf 90' lang='lat' dir='ltr'>quid</span> <span class='ocrx_word' id='word_1_33' title='bbox 1064 1048 1177 1115; x_wconf 79' lang='lat' dir='ltr'>hostes</span> 
     </span>
     <span class='ocr_line' id='line_1_6' title="bbox 96 1154 1177 1240; baseline -0.006 -16"><span class='ocrx_word' id='word_1_34' title='bbox 96 1157 254 1224; x_wconf 74' lang='lat' dir='ltr'>zeonsilii</span> <span class='ocrx_word' id='word_1_35' title='bbox 277 1165 443 1240; x_wconf 87' lang='lat' dir='ltr'>caperent,</span> <span class='ocrx_word' id='word_1_36' title='bbox 464 1157 694 1239; x_wconf 85' lang='lat' dir='ltr'>exspectabat.</span> <span class='ocrx_word' id='word_1_37' title='bbox 741 1154 805 1232; x_wconf 90' lang='lat' dir='ltr'>Illi,</span> <span class='ocrx_word' id='word_1_38' title='bbox 825 1155 887 1220; x_wconf 90' lang='lat' dir='ltr'>etsi</span> <span class='ocrx_word' id='word_1_39' title='bbox 909 1163 1045 1238; x_wconf 90' lang='lat' dir='ltr'>propter</span> <span class='ocrx_word' id='word_1_40' title='bbox 1066 1154 1177 1218; x_wconf 91' lang='lat' dir='ltr'>multi·</span> 
     </span>
     <span class='ocr_line' id='line_1_7' title="bbox 122 1259 1177 1343; baseline -0.002 -19"><span class='ocrx_word' id='word_1_41' title='bbox 122 1261 276 1325; x_wconf 87' lang='lat' dir='ltr'>tudinem</span> <span class='ocrx_word' id='word_1_42' title='bbox 292 1269 326 1324; x_wconf 90' lang='lat' dir='ltr'>et</span> <span class='ocrx_word' id='word_1_43' title='bbox 340 1269 485 1324; x_wconf 83' lang='lat' dir='ltr'>veterem</span> <span class='ocrx_word' id='word_1_44' title='bbox 501 1259 580 1324; x_wconf 88' lang='lat' dir='ltr'>belli</span> <span class='ocrx_word' id='word_1_45' title='bbox 595 1259 736 1343; x_wconf 84' lang='lat' dir='ltr'>gloriam</span> <span class='ocrx_word' id='word_1_46' title='bbox 758 1259 1029 1343; x_wconf 87' lang='lat' dir='ltr'>paucitatemque</span> <span class='ocrx_word' id='word_1_47' title='bbox 1049 1267 1177 1322; x_wconf 82' lang='lat' dir='ltr'>nostro·</span> 
     </span>
     <span class='ocr_line' id='line_1_8' title="bbox 123 1361 1176 1443; baseline -0.005 -15"><span class='ocrx_word' id='word_1_48' title='bbox 123 1385 198 1428; x_wconf 91' lang='lat' dir='ltr'>rum</span> <span class='ocrx_word' id='word_1_49' title='bbox 214 1385 250 1427; x_wconf 90' lang='lat' dir='ltr'>se</span> <span class='ocrx_word' id='word_1_50' title='bbox 264 1373 338 1429; x_wconf 92' lang='lat' dir='ltr'>tuto</span> <span class='ocrx_word' id='word_1_51' title='bbox 353 1363 569 1428; x_wconf 90' lang='lat' dir='ltr'>dimicaturos</span> <span class='ocrx_word' id='word_1_52' title='bbox 584 1363 834 1443; x_wconf 85' lang='lat' dir='ltr'>existimabant,</span> <span class='ocrx_word' id='word_1_53' title='bbox 848 1372 960 1428; x_wconf 89' lang='lat' dir='ltr'>tamen</span> <span class='ocrx_word' id='word_1_54' title='bbox 981 1361 1084 1426; x_wconf 87' lang='lat' dir='ltr'>tutius</span> <span class='ocrx_word' id='word_1_55' title='bbox 1104 1381 1176 1424; x_wconf 87' lang='lat' dir='ltr'>esse</span> 
     </span>
     <span class='ocr_line' id='line_1_9' title="bbox 122 1463 1176 1533; baseline -0.002 -1"><span class='ocrx_word' id='word_1_56' title='bbox 122 1469 371 1533; x_wconf 85' lang='lat' dir='ltr'>arbitrabantur</span> <span class='ocrx_word' id='word_1_57' title='bbox 385 1468 528 1533; x_wconf 89' lang='lat' dir='ltr'>obsessis</span> <span class='ocrx_word' id='word_1_58' title='bbox 542 1466 605 1530; x_wconf 90' lang='lat' dir='ltr'>viis</span> <span class='ocrx_word' id='word_1_59' title='bbox 621 1476 810 1532; x_wconf 90' lang='lat' dir='ltr'>commeatu</span> <span class='ocrx_word' id='word_1_60' title='bbox 826 1465 1004 1532; x_wconf 88' lang='lat' dir='ltr'>intercluso</span> <span class='ocrx_word' id='word_1_61' title='bbox 1021 1465 1093 1530; x_wconf 89' lang='lat' dir='ltr'>sine</span> <span class='ocrx_word' id='word_1_62' title='bbox 1107 1463 1176 1530; x_wconf 92' lang='lat' dir='ltr'>ullo</span> 
     </span>
     <span class='ocr_line' id='line_1_10' title="bbox 92 1568 1175 1654; baseline -0.005 -17"><span class='ocrx_word' id='word_1_63' title='bbox 92 1571 258 1648; x_wconf 67' lang='lat' dir='ltr'>svulnere</span> <span class='ocrx_word' id='word_1_64' title='bbox 280 1571 419 1636; x_wconf 89' lang='lat' dir='ltr'>victoria</span> <span class='ocrx_word' id='word_1_65' title='bbox 445 1571 545 1654; x_wconf 90' lang='lat' dir='ltr'>potiri</span> <span class='ocrx_word' id='word_1_66' title='bbox 572 1579 615 1646; x_wconf 85' lang='lat' dir='ltr'>et,</span> <span class='ocrx_word' id='word_1_67' title='bbox 640 1571 668 1635; x_wconf 90' lang='lat' dir='ltr'>si</span> <span class='ocrx_word' id='word_1_68' title='bbox 694 1581 832 1653; x_wconf 88' lang='lat' dir='ltr'>propter</span> <span class='ocrx_word' id='word_1_69' title='bbox 857 1570 1005 1653; x_wconf 89' lang='lat' dir='ltr'>inopiam</span> <span class='ocrx_word' id='word_1_70' title='bbox 1032 1569 1078 1633; x_wconf 93' lang='lat' dir='ltr'>rei</span> <span class='ocrx_word' id='word_1_71' title='bbox 1107 1568 1175 1632; x_wconf 82' lang='lat' dir='ltr'>iru-</span> 
     </span>
     <span class='ocr_line' id='line_1_11' title="bbox 123 1673 1176 1758; baseline -0.003 -19"><span class='ocrx_word' id='word_1_72' title='bbox 123 1675 307 1739; x_wconf 85' lang='lat' dir='ltr'>mentariae</span> <span class='ocrx_word' id='word_1_73' title='bbox 332 1674 477 1740; x_wconf 88' lang='lat' dir='ltr'>Romani</span> <span class='ocrx_word' id='word_1_74' title='bbox 504 1694 577 1740; x_wconf 83' lang='lat' dir='ltr'>sese</span> <span class='ocrx_word' id='word_1_75' title='bbox 606 1673 750 1758; x_wconf 90' lang='lat' dir='ltr'>recipere</span> <span class='ocrx_word' id='word_1_76' title='bbox 776 1675 970 1757; x_wconf 86' lang='lat' dir='ltr'>coepissent,</span> <span class='ocrx_word' id='word_1_77' title='bbox 996 1673 1176 1756; x_wconf 90' lang='lat' dir='ltr'>impeditos</span> 
     </span>
     <span class='ocr_line' id='line_1_12' title="bbox 122 1775 1174 1864; baseline -0.003 -21"><span class='ocrx_word' id='word_1_78' title='bbox 122 1781 157 1843; x_wconf 93' lang='lat' dir='ltr'>in</span> <span class='ocrx_word' id='word_1_79' title='bbox 173 1780 307 1864; x_wconf 86' lang='lat' dir='ltr'>agmine</span> <span class='ocrx_word' id='word_1_80' title='bbox 319 1788 352 1843; x_wconf 89' lang='lat' dir='ltr'>et</span> <span class='ocrx_word' id='word_1_81' title='bbox 367 1779 430 1843; x_wconf 90' lang='lat' dir='ltr'>sub</span> <span class='ocrx_word' id='word_1_82' title='bbox 446 1777 583 1842; x_wconf 89' lang='lat' dir='ltr'>sarcinis</span> <span class='ocrx_word' id='word_1_83' title='bbox 595 1775 773 1842; x_wconf 89' lang='lat' dir='ltr'>infirmiore</span> <span class='ocrx_word' id='word_1_84' title='bbox 785 1778 899 1842; x_wconf 89' lang='lat' dir='ltr'>animo</span> <span class='ocrx_word' id='word_1_85' title='bbox 913 1777 1035 1841; x_wconf 90' lang='lat' dir='ltr'>adoriri</span> <span class='ocrx_word' id='word_1_86' title='bbox 1047 1777 1174 1858; x_wconf 89' lang='lat' dir='ltr'>cogita·</span> 
     </span>
     <span class='ocr_line' id='line_1_13' title="bbox 89 1880 1175 1966; baseline -0.002 -20"><span class='ocrx_word' id='word_1_87' title='bbox 89 1886 215 1950; x_wconf 84' lang='lat' dir='ltr'>4bant.</span> <span class='ocrx_word' id='word_1_88' title='bbox 268 1883 345 1948; x_wconf 92' lang='lat' dir='ltr'>Hoc</span> <span class='ocrx_word' id='word_1_89' title='bbox 381 1880 520 1946; x_wconf 88' lang='lat' dir='ltr'>consilio</span> <span class='ocrx_word' id='word_1_90' title='bbox 557 1881 700 1966; x_wconf 89' lang='lat' dir='ltr'>probato</span> <span class='ocrx_word' id='word_1_91' title='bbox 736 1883 781 1946; x_wconf 95' lang='lat' dir='ltr'>ab</span> <span class='ocrx_word' id='word_1_92' title='bbox 818 1881 969 1956; x_wconf 90' lang='lat' dir='ltr'>ducibus,</span> <span class='ocrx_word' id='word_1_93' title='bbox 1004 1881 1175 1964; x_wconf 89' lang='lat' dir='ltr'>productis</span> 
     </span>
     <span class='ocr_line' id='line_1_14' title="bbox 89 1984 1340 2070; baseline -0.002 -23"><span class='ocrx_word' id='word_1_94' title='bbox 89 1988 354 2052; x_wconf 81' lang='lat' dir='ltr'>5Romanorum</span> <span class='ocrx_word' id='word_1_95' title='bbox 392 1986 503 2070; x_wconf 85' lang='lat' dir='ltr'>copiis,</span> <span class='ocrx_word' id='word_1_96' title='bbox 540 2005 612 2049; x_wconf 91' lang='lat' dir='ltr'>sese</span> <span class='ocrx_word' id='word_1_97' title='bbox 648 1985 768 2050; x_wconf 85' lang='lat' dir='ltr'>castris</span> <span class='ocrx_word' id='word_1_98' title='bbox 803 1985 973 2050; x_wconf 88' lang='lat' dir='ltr'>tenebant.</span> <span class='ocrx_word' id='word_1_99' title='bbox 1027 1984 1101 2049; x_wconf 91' lang='lat' dir='ltr'>Hac</span> <span class='ocrx_word' id='word_1_100' title='bbox 1138 2004 1340 2056; x_wconf 58' lang='lat' dir='ltr'>recma.</span> 
     </span>
     <span class='ocr_line' id='line_1_15' title="bbox 119 2070 1335 2201; baseline -0.002 -46"><span class='ocrx_word' id='word_1_101' title='bbox 119 2099 296 2176; x_wconf 89' lang='lat' dir='ltr'>perspecta</span> <span class='ocrx_word' id='word_1_102' title='bbox 315 2089 453 2154; x_wconf 88' lang='lat' dir='ltr'>Crassus</span> <span class='ocrx_word' id='word_1_103' title='bbox 469 2109 544 2154; x_wconf 90' lang='lat' dir='ltr'>curn</span> <span class='ocrx_word' id='word_1_104' title='bbox 566 2109 627 2152; x_wconf 92' lang='lat' dir='ltr'>sua</span> <span class='ocrx_word' id='word_1_105' title='bbox 648 2088 861 2154; x_wconf 90' lang='lat' dir='ltr'>cunctatione</span> <span class='ocrx_word' id='word_1_106' title='bbox 877 2083 994 2176; x_wconf 88' lang='lat' dir='ltr'>[atque</span> <span class='ocrx_word' id='word_1_107' title='bbox 1016 2089 1173 2173; x_wconf 89' lang='lat' dir='ltr'>opinione</span> <span class='ocrx_word' id='word_1_108' title='bbox 1184 2070 1335 2201; x_wconf 49' lang='lat' dir='ltr'>mucis</span> 
     </span>
     <span class='ocr_line' id='line_1_16' title="bbox 119 2173 1267 2282; baseline -0.003 -23"><span class='ocrx_word' id='word_1_109' title='bbox 119 2189 319 2282; x_wconf 73' lang='lat' dir='ltr'>timidiores]</span> <span class='ocrx_word' id='word_1_110' title='bbox 336 2193 449 2258; x_wconf 89' lang='lat' dir='ltr'>hostes</span> <span class='ocrx_word' id='word_1_111' title='bbox 469 2201 599 2257; x_wconf 88' lang='lat' dir='ltr'>nostros</span> <span class='ocrx_word' id='word_1_112' title='bbox 621 2191 741 2257; x_wconf 89' lang='lat' dir='ltr'>milites</span> <span class='ocrx_word' id='word_1_113' title='bbox 763 2192 939 2258; x_wconf 75' lang='lat' dir='ltr'>alacriores</span> <span class='ocrx_word' id='word_1_114' title='bbox 958 2193 1003 2257; x_wconf 92' lang='lat' dir='ltr'>ad</span> <span class='ocrx_word' id='word_1_115' title='bbox 1023 2211 1174 2276; x_wconf 88' lang='lat' dir='ltr'>pugnan-</span> <span class='ocrx_word' id='word_1_116' title='bbox 1260 2173 1267 2197; x_wconf 78' lang='grc'><strong><em>’</em></strong></span> 
     </span>
     <span class='ocr_line' id='line_1_17' title="bbox 120 2296 1173 2380; baseline -0.002 -18"><span class='ocrx_word' id='word_1_117' title='bbox 120 2299 202 2362; x_wconf 90' lang='lat' dir='ltr'>durn</span> <span class='ocrx_word' id='word_1_118' title='bbox 229 2296 426 2375; x_wconf 85' lang='lat' dir='ltr'>effecissent,</span> <span class='ocrx_word' id='word_1_119' title='bbox 453 2305 554 2380; x_wconf 89' lang='lat' dir='ltr'>atque</span> <span class='ocrx_word' id='word_1_120' title='bbox 583 2297 734 2361; x_wconf 90' lang='lat' dir='ltr'>omnium</span> <span class='ocrx_word' id='word_1_121' title='bbox 759 2315 859 2361; x_wconf 86' lang='lat' dir='ltr'>voces</span> <span class='ocrx_word' id='word_1_122' title='bbox 888 2296 1090 2375; x_wconf 84' lang='lat' dir='ltr'>audirentur,</span> <span class='ocrx_word' id='word_1_123' title='bbox 1114 2317 1173 2360; x_wconf 89' lang='lat' dir='ltr'>ex·</span> 
     </span>
     <span class='ocr_line' id='line_1_18' title="bbox 119 2399 1174 2485; baseline -0.004 -19"><span class='ocrx_word' id='word_1_124' title='bbox 119 2402 263 2485; x_wconf 86' lang='lat' dir='ltr'>spectari</span> <span class='ocrx_word' id='word_1_125' title='bbox 294 2401 418 2466; x_wconf 86' lang='lat' dir='ltr'>diutius</span> <span class='ocrx_word' id='word_1_126' title='bbox 447 2419 515 2464; x_wconf 90' lang='lat' dir='ltr'>non</span> <span class='ocrx_word' id='word_1_127' title='bbox 543 2409 705 2484; x_wconf 87' lang='lat' dir='ltr'>oportere,</span> <span class='ocrx_word' id='word_1_128' title='bbox 739 2399 819 2483; x_wconf 89' lang='lat' dir='ltr'>quin</span> <span class='ocrx_word' id='word_1_129' title='bbox 850 2401 893 2464; x_wconf 91' lang='lat' dir='ltr'>ad</span> <span class='ocrx_word' id='word_1_130' title='bbox 925 2409 1033 2464; x_wconf 82' lang='lat' dir='ltr'>castra</span> <span class='ocrx_word' id='word_1_131' title='bbox 1064 2399 1174 2476; x_wconf 90' lang='lat' dir='ltr'>iretur,</span> 
     </span>
     <span class='ocr_line' id='line_1_19' title="bbox 120 2503 1174 2589; baseline -0.004 -19"><span class='ocrx_word' id='word_1_132' title='bbox 120 2505 313 2570; x_wconf 86' lang='lat' dir='ltr'>cohortatus</span> <span class='ocrx_word' id='word_1_133' title='bbox 332 2525 410 2569; x_wconf 91' lang='lat' dir='ltr'>suos</span> <span class='ocrx_word' id='word_1_134' title='bbox 431 2505 586 2570; x_wconf 91' lang='lat' dir='ltr'>omnibus</span> <span class='ocrx_word' id='word_1_135' title='bbox 609 2505 820 2589; x_wconf 88' lang='lat' dir='ltr'>cupientibus</span> <span class='ocrx_word' id='word_1_136' title='bbox 839 2504 883 2568; x_wconf 95' lang='lat' dir='ltr'>ad</span> <span class='ocrx_word' id='word_1_137' title='bbox 904 2503 1051 2567; x_wconf 92' lang='lat' dir='ltr'>hostium</span> <span class='ocrx_word' id='word_1_138' title='bbox 1067 2513 1174 2567; x_wconf 88' lang='lat' dir='ltr'>eastra</span> 
     </span>
    </p>
   </div>
   <div class='ocr_carea' id='block_1_3' title="bbox 56 2609 1279 2795">
    <p class='ocr_par' dir='ltr' id='par_1_3' title="bbox 56 2609 1279 2795">
     <span class='ocr_line' id='line_1_20' title="bbox 120 2609 300 2675; baseline 0 -2"><span class='ocrx_word' id='word_1_139' title='bbox 120 2609 300 2675; x_wconf 88' lang='lat' dir='ltr'>contendit.</span> 
     </span>
     <span class='ocr_line' id='line_1_21' title="bbox 56 2707 1279 2795; baseline -0.007 -14"><span class='ocrx_word' id='word_1_140' title='bbox 56 2729 99 2784; x_wconf 76' lang='lat'>25</span> <span class='ocrx_word' id='word_1_141' title='bbox 165 2713 218 2777; x_wconf 94' lang='lat' dir='ltr'>Ibi</span> <span class='ocrx_word' id='word_1_142' title='bbox 230 2732 306 2776; x_wconf 90' lang='lat' dir='ltr'>cum</span> <span class='ocrx_word' id='word_1_143' title='bbox 322 2711 378 2779; x_wconf 90' lang='lat' dir='ltr'>alii</span> <span class='ocrx_word' id='word_1_144' title='bbox 393 2711 500 2776; x_wconf 83' lang='lat' dir='ltr'>fossas</span> <span class='ocrx_word' id='word_1_145' title='bbox 511 2711 724 2795; x_wconf 90' lang='lat' dir='ltr'>complerent,</span> <span class='ocrx_word' id='word_1_146' title='bbox 734 2709 791 2775; x_wconf 90' lang='lat' dir='ltr'>alii</span> <span class='ocrx_word' id='word_1_147' title='bbox 803 2707 916 2774; x_wconf 90' lang='lat' dir='ltr'>multis</span> <span class='ocrx_word' id='word_1_148' title='bbox 927 2709 1003 2774; x_wconf 85' lang='lat' dir='ltr'>telis</span> <span class='ocrx_word' id='word_1_149' title='bbox 1014 2709 1173 2776; x_wconf 90' lang='lat' dir='ltr'>coniectis</span> <span class='ocrx_word' id='word_1_150' title='bbox 1185 2721 1235 2770; x_wconf 78' lang='lat' dir='ltr'>and</span> <span class='ocrx_word' id='word_1_151' title='bbox 1245 2723 1279 2786; x_wconf 79' lang='lat' dir='ltr'>by</span> 
     </span>
    </p>
   </div>
   <div class='ocr_carea' id='block_1_4' title="bbox 120 2787 1301 2902">
    <p class='ocr_par' dir='ltr' id='par_1_4' title="bbox 120 2787 1301 2902">
     <span class='ocr_line' id='line_1_22' title="bbox 120 2787 1301 2902; baseline -0.006 -19"><span class='ocrx_word' id='word_1_152' title='bbox 120 2816 310 2883; x_wconf 82' lang='lat' dir='ltr'>defensores</span> <span class='ocrx_word' id='word_1_153' title='bbox 339 2815 427 2882; x_wconf 90' lang='lat' dir='ltr'>vallo</span> <span class='ocrx_word' id='word_1_154' title='bbox 458 2815 762 2896; x_wconf 88' lang='lat' dir='ltr'>munitionibusque</span> <span class='ocrx_word' id='word_1_155' title='bbox 791 2813 1007 2897; x_wconf 84' lang='lat' dir='ltr'>depellerent,</span> <span class='ocrx_word' id='word_1_156' title='bbox 1031 2787 1301 2902; x_wconf 50' lang='lat' dir='ltr'>auxilia-{3¹³3</span> 
     </span>
    </p>
   </div>
   <div class='ocr_carea' id='block_1_5' title="bbox 90 2917 1289 3818">
    <p class='ocr_par' dir='ltr' id='par_1_5' title="bbox 118 2917 1237 3004">
     <span class='ocr_line' id='line_1_23' title="bbox 118 2917 1237 3004; baseline -0.003 -18"><span class='ocrx_word' id='word_1_157' title='bbox 118 2941 246 3004; x_wconf 88' lang='lat' dir='ltr'>resque,</span> <span class='ocrx_word' id='word_1_158' title='bbox 271 2919 393 3003; x_wconf 91' lang='lat' dir='ltr'>quibus</span> <span class='ocrx_word' id='word_1_159' title='bbox 418 2920 462 2983; x_wconf 91' lang='lat' dir='ltr'>ad</span> <span class='ocrx_word' id='word_1_160' title='bbox 492 2939 640 3004; x_wconf 91' lang='lat' dir='ltr'>pugnam</span> <span class='ocrx_word' id='word_1_161' title='bbox 666 2938 733 2982; x_wconf 92' lang='lat' dir='ltr'>non</span> <span class='ocrx_word' id='word_1_162' title='bbox 759 2917 901 2983; x_wconf 90' lang='lat' dir='ltr'>multum</span> <span class='ocrx_word' id='word_1_163' title='bbox 927 2917 1066 2984; x_wconf 85' lang='lat' dir='ltr'>Crassus</span> <span class='ocrx_word' id='word_1_164' title='bbox 1092 2939 1170 2983; x_wconf 90' lang='lat' dir='ltr'>con·</span> <span class='ocrx_word' id='word_1_165' title='bbox 1183 2932 1237 2967; x_wconf 60' lang='grc' dir='ltr'>Μ</span> 
     </span>
    </p>

    <p class='ocr_par' dir='ltr' id='par_1_6' title="bbox 118 3023 1171 3108">
     <span class='ocr_line' id='line_1_24' title="bbox 118 3023 1171 3108; baseline -0.002 -20"><span class='ocrx_word' id='word_1_166' title='bbox 118 3023 254 3103; x_wconf 87' lang='lat' dir='ltr'>fidebat,</span> <span class='ocrx_word' id='word_1_167' title='bbox 266 3024 432 3108; x_wconf 88' lang='lat' dir='ltr'>lapidibus</span> <span class='ocrx_word' id='word_1_168' title='bbox 448 3024 589 3108; x_wconf 90' lang='lat' dir='ltr'>telisque</span> <span class='ocrx_word' id='word_1_169' title='bbox 605 3023 895 3088; x_wconf 82' lang='lat' dir='ltr'>subministrandis</span> <span class='ocrx_word' id='word_1_170' title='bbox 906 3033 940 3087; x_wconf 89' lang='lat' dir='ltr'>et</span> <span class='ocrx_word' id='word_1_171' title='bbox 955 3024 999 3088; x_wconf 91' lang='lat' dir='ltr'>ad</span> <span class='ocrx_word' id='word_1_172' title='bbox 1015 3043 1171 3108; x_wconf 88' lang='lat' dir='ltr'>aggerem</span> 
     </span>
    </p>

    <p class='ocr_par' dir='ltr' id='par_1_7' title="bbox 118 3105 1289 3211">
     <span class='ocr_line' id='line_1_25' title="bbox 118 3105 1289 3211; baseline -0.005 -17"><span class='ocrx_word' id='word_1_173' title='bbox 118 3129 319 3211; x_wconf 89' lang='lat' dir='ltr'>caespitibus</span> <span class='ocrx_word' id='word_1_174' title='bbox 357 3127 606 3211; x_wconf 87' lang='lat' dir='ltr'>comportandis</span> <span class='ocrx_word' id='word_1_175' title='bbox 649 3127 796 3210; x_wconf 86' lang='lat' dir='ltr'>speciem</span> <span class='ocrx_word' id='word_1_176' title='bbox 836 3137 938 3210; x_wconf 90' lang='lat' dir='ltr'>atque</span> <span class='ocrx_word' id='word_1_177' title='bbox 977 3127 1173 3210; x_wconf 89' lang='lat' dir='ltr'>opinionem</span> <span class='ocrx_word' id='word_1_178' title='bbox 1284 3105 1289 3118; x_wconf 64' lang='grc'>’</span> 
     </span>
    </p>

    <p class='ocr_par' dir='ltr' id='par_1_8' title="bbox 117 3229 1173 3317">
     <span class='ocr_line' id='line_1_26' title="bbox 117 3229 1173 3317; baseline -0.004 -21"><span class='ocrx_word' id='word_1_179' title='bbox 117 3233 340 3317; x_wconf 86' lang='lat' dir='ltr'>pugnantium</span> <span class='ocrx_word' id='word_1_180' title='bbox 356 3232 564 3315; x_wconf 88' lang='lat' dir='ltr'>praeberent,</span> <span class='ocrx_word' id='word_1_181' title='bbox 574 3249 650 3295; x_wconf 92' lang='lat' dir='ltr'>cum</span> <span class='ocrx_word' id='word_1_182' title='bbox 666 3231 746 3296; x_wconf 92' lang='lat' dir='ltr'>item</span> <span class='ocrx_word' id='word_1_183' title='bbox 759 3231 802 3295; x_wconf 86' lang='lat' dir='ltr'>ab</span> <span class='ocrx_word' id='word_1_184' title='bbox 813 3229 965 3295; x_wconf 88' lang='lat' dir='ltr'>hostibus</span> <span class='ocrx_word' id='word_1_185' title='bbox 980 3238 1173 3296; x_wconf 89' lang='lat' dir='ltr'>constanter</span> 
     </span>
    </p>

    <p class='ocr_par' dir='ltr' id='par_1_9' title="bbox 90 3333 1172 3520">
     <span class='ocr_line' id='line_1_27' title="bbox 118 3333 1172 3420; baseline -0.006 -18"><span class='ocrx_word' id='word_1_186' title='bbox 118 3357 157 3402; x_wconf 86' lang='lat' dir='ltr'>ac</span> <span class='ocrx_word' id='word_1_187' title='bbox 183 3356 251 3400; x_wconf 91' lang='lat' dir='ltr'>non</span> <span class='ocrx_word' id='word_1_188' title='bbox 279 3336 398 3401; x_wconf 89' lang='lat' dir='ltr'>timide</span> <span class='ocrx_word' id='word_1_189' title='bbox 428 3345 641 3420; x_wconf 89' lang='lat' dir='ltr'>pugnaretur,</span> <span class='ocrx_word' id='word_1_190' title='bbox 666 3335 799 3417; x_wconf 89' lang='lat' dir='ltr'>telaque</span> <span class='ocrx_word' id='word_1_191' title='bbox 828 3355 873 3398; x_wconf 89' lang='lat' dir='ltr'>ex</span> <span class='ocrx_word' id='word_1_192' title='bbox 899 3335 975 3399; x_wconf 91' lang='lat' dir='ltr'>loco</span> <span class='ocrx_word' id='word_1_193' title='bbox 1003 3333 1172 3416; x_wconf 90' lang='lat' dir='ltr'>superiore</span> 
     </span>
     <span class='ocr_line' id='line_1_28' title="bbox 90 3435 1170 3520; baseline -0.006 -16"><span class='ocrx_word' id='word_1_194' title='bbox 90 3439 221 3505; x_wconf 75' lang='lat' dir='ltr'>amissa</span> <span class='ocrx_word' id='word_1_195' title='bbox 237 3459 303 3503; x_wconf 90' lang='lat' dir='ltr'>non</span> <span class='ocrx_word' id='word_1_196' title='bbox 323 3439 443 3504; x_wconf 79' lang='lat' dir='ltr'>frustra</span> <span class='ocrx_word' id='word_1_197' title='bbox 463 3437 655 3517; x_wconf 89' lang='lat' dir='ltr'>acciderent,</span> <span class='ocrx_word' id='word_1_198' title='bbox 671 3439 801 3520; x_wconf 84' lang='lat' dir='ltr'>equites</span> <span class='ocrx_word' id='word_1_199' title='bbox 822 3437 1002 3501; x_wconf 90' lang='lat' dir='ltr'>circumitis</span> <span class='ocrx_word' id='word_1_200' title='bbox 1021 3435 1170 3500; x_wconf 89' lang='lat' dir='ltr'>hostium</span> 
     </span>
    </p>

    <p class='ocr_par' dir='ltr' id='par_1_10' title="bbox 117 3539 1171 3623">
     <span class='ocr_line' id='line_1_29' title="bbox 117 3539 1171 3623; baseline -0.005 -14"><span class='ocrx_word' id='word_1_201' title='bbox 117 3543 233 3609; x_wconf 87' lang='lat' dir='ltr'>castris</span> <span class='ocrx_word' id='word_1_202' title='bbox 250 3541 370 3608; x_wconf 88' lang='lat' dir='ltr'>Crasso</span> <span class='ocrx_word' id='word_1_203' title='bbox 390 3544 668 3622; x_wconf 86' lang='lat' dir='ltr'>renuntiaverunt,</span> <span class='ocrx_word' id='word_1_204' title='bbox 682 3562 749 3606; x_wconf 89' lang='lat' dir='ltr'>non</span> <span class='ocrx_word' id='word_1_205' title='bbox 769 3543 887 3606; x_wconf 89' lang='lat' dir='ltr'>eadem</span> <span class='ocrx_word' id='word_1_206' title='bbox 908 3559 981 3604; x_wconf 89' lang='lat' dir='ltr'>esse</span> <span class='ocrx_word' id='word_1_207' title='bbox 1000 3539 1171 3623; x_wconf 90' lang='lat' dir='ltr'>diligentia</span> 
     </span>
    </p>

    <p class='ocr_par' dir='ltr' id='par_1_11' title="bbox 117 3642 1169 3731">
     <span class='ocr_line' id='line_1_30' title="bbox 117 3642 1169 3731; baseline -0.004 -19"><span class='ocrx_word' id='word_1_208' title='bbox 117 3649 161 3712; x_wconf 93' lang='lat' dir='ltr'>ab</span> <span class='ocrx_word' id='word_1_209' title='bbox 188 3647 371 3712; x_wconf 87' lang='lat' dir='ltr'>decumana</span> <span class='ocrx_word' id='word_1_210' title='bbox 396 3655 495 3731; x_wconf 85' lang='lat' dir='ltr'>porta</span> <span class='ocrx_word' id='word_1_211' title='bbox 521 3655 628 3711; x_wconf 88' lang='lat' dir='ltr'>castra</span> <span class='ocrx_word' id='word_1_212' title='bbox 655 3645 786 3722; x_wconf 84' lang='lat' dir='ltr'>munita</span> <span class='ocrx_word' id='word_1_213' title='bbox 814 3643 1011 3726; x_wconf 81' lang='lat' dir='ltr'>facilemque</span> <span class='ocrx_word' id='word_1_214' title='bbox 1039 3642 1169 3708; x_wconf 89' lang='lat' dir='ltr'>aditum</span> 
     </span>
    </p>

    <p class='ocr_par' dir='ltr' id='par_1_12' title="bbox 117 3753 250 3818">
     <span class='ocr_line' id='line_1_31' title="bbox 117 3753 250 3818; baseline -0.008 -2"><span class='ocrx_word' id='word_1_215' title='bbox 117 3753 250 3818; x_wconf 89' lang='lat' dir='ltr'>habere.</span> 
     </span>
    </p>
   </div>
   <div class='ocr_carea' id='block_1_6' title="bbox 117 3931 1171 4131">
    <p class='ocr_par' dir='ltr' id='par_1_13' title="bbox 117 3931 1171 4131">
     <span class='ocr_line' id='line_1_32' title="bbox 148 3931 1171 4001; baseline -0.001 -14"><span class='ocrx_word' id='word_1_216' title='bbox 148 3941 193 3987; x_wconf 76' lang='lat'>24.</span> <span class='ocrx_word' id='word_1_217' title='bbox 209 3941 223 3997; x_wconf 66' lang='grc' dir='ltr'><strong>ς</strong></span> <span class='ocrx_word' id='word_1_218' title='bbox 240 3951 264 4001; x_wconf 81' lang='lat'>5.</span> <span class='ocrx_word' id='word_1_219' title='bbox 297 3943 383 3995; x_wconf 73' lang='lat' dir='ltr'>atque</span> <span class='ocrx_word' id='word_1_220' title='bbox 397 3937 619 3996; x_wconf 76' lang='lat' dir='ltr'>opinionettml-</span> <span class='ocrx_word' id='word_1_221' title='bbox 670 3933 801 3998; x_wconf 71' lang='lat' dir='ltr'>following</span> <span class='ocrx_word' id='word_1_222' title='bbox 816 3933 860 3984; x_wconf 85' lang='lat' dir='ltr'>the</span> <span class='ocrx_word' id='word_1_223' title='bbox 878 3931 1017 3996; x_wconf 85' lang='lat' dir='ltr'>conjecture</span> <span class='ocrx_word' id='word_1_224' title='bbox 1034 3933 1171 3986; x_wconf 64' lang='lat' dir='ltr'>oilete·</span> 
     </span>
     <span class='ocr_line' id='line_1_33' title="bbox 117 3999 1114 4067; baseline -0.002 -15"><span class='ocrx_word' id='word_1_225' title='bbox 117 4003 232 4067; x_wconf 62' lang='lat' dir='ltr'>diersa}</span> <span class='ocrx_word' id='word_1_226' title='bbox 306 4017 347 4054; x_wconf 83' lang='lat' dir='ltr'>ere</span> <span class='ocrx_word' id='word_1_227' title='bbox 361 4003 383 4053; x_wconf 81' lang='lat' dir='ltr'>ia</span> <span class='ocrx_word' id='word_1_228' title='bbox 392 4001 533 4066; x_wconf 80' lang='lat' dir='ltr'>something</span> <span class='ocrx_word' id='word_1_229' title='bbox 543 4002 619 4051; x_wconf 74' lang='lat' dir='ltr'>emisa</span> <span class='ocrx_word' id='word_1_230' title='bbox 669 3999 990 4066; x_wconf 59' lang='lat' dir='ltr'>phanesmd‘opinrone</span> <span class='ocrx_word' id='word_1_231' title='bbox 1000 3999 1114 4051; x_wconf 73' lang='lat' dir='ltr'>timoria&#39;</span> 
     </span>
     <span class='ocr_line' id='line_1_34' title="bbox 117 4065 614 4131; baseline -0.004 -13"><span class='ocrx_word' id='word_1_232' title='bbox 117 4069 178 4120; x_wconf 75' lang='lat' dir='ltr'>with</span> <span class='ocrx_word' id='word_1_233' title='bbox 192 4069 236 4119; x_wconf 84' lang='lat' dir='ltr'>the</span> <span class='ocrx_word' id='word_1_234' title='bbox 255 4076 308 4119; x_wconf 84' lang='lat' dir='ltr'>text</span> <span class='ocrx_word' id='word_1_235' title='bbox 325 4067 391 4120; x_wconf 83' lang='lat' dir='ltr'>here.</span> <span class='ocrx_word' id='word_1_236' title='bbox 425 4067 495 4118; x_wconf 81' lang='lat' dir='ltr'>Most</span> <span class='ocrx_word' id='word_1_237' title='bbox 514 4065 614 4131; x_wconf 73' lang='lat' dir='ltr'>editors,</span> 
     </span>
    </p>
   </div>
   <div class='ocr_carea' id='block_1_7' title="bbox 0 0 1496 4992">
    <p class='ocr_par' dir='ltr' id='par_1_14' title="bbox 0 0 1496 4992">
     <span class='ocr_line' id='line_1_35' title="bbox 0 0 1496 4992; baseline 0 1"><span class='ocrx_word' id='word_1_238' title='bbox 0 0 1496 4992; x_wconf 95' lang='lat' dir='ltr'> </span> 
     </span>
    </p>
   </div>
  </div>
 </body>
</html>
