2984 4992
332 555 373 620 ιιι
680 573 708 626 c.
734 575 831 626 mur
851 574 1039 628 cacsms
1282 576 1335 644 [1¹1.
1351 591 1384 627 2-

332 735 458 801 itineris
487 737 590 804 nostri
621 739 789 806 exercitus
822 749 1006 822 perspecta,
1034 749 1134 804 nocte
1165 741 1209 804 ad
1239 739 1383 804 Nervios

332 850 550 922 pervenerunt
582 851 685 924 atque
716 842 770 908 his
801 845 1080 921 demonstrarunt,
1112 844 1198 909 inter
1232 843 1383 928 singulas

332 943 478 1028 legiones
487 946 800 1028 impedimentorum
813 966 971 1030 maguum
984 967 1158 1012 nnmerum
1170 948 1382 1026 intercedere,

331 1067 440 1134 neque
454 1069 527 1116 esee
542 1051 721 1133 quicquam
738 1051 874 1136 negotii,
888 1069 965 1117 cum
980 1052 1089 1136 prima
1106 1051 1227 1135 legio'
1216 1071 1251 1116 m
1273 1061 1382 1117 castra
1485 1042 1486 1137 ᾗ

329 1155 474 1220 venisset
476 1153 710 1236 ,reliquaeque
724 1153 875 1237 legiones
890 1175 1049 1240 magnum
1060 1157 1205 1240 spatium
1216 1157 1382 1234 abessent,

330 1255 417 1324 hanc
443 1259 505 1323 sub
531 1259 666 1323 sarcinis
691 1259 834 1334 adoriri;
857 1279 925 1340 qua
946 1258 1043 1342 pulsa
1065 1259 1408 1342 impedimentisqner
1485 1274 1486 1317 l

330 1362 470 1446 direptis
503 1361 660 1438 futurum,
691 1374 728 1428 ut
764 1361 910 1444 reliquae
942 1371 1060 1427 contra
1096 1365 1278 1427 consistere
1314 1385 1381 1428 non
1485 1378 1486 1443 ι

161 1459 267 1588 25³8ss
264 1523 307 1576 the
329 1467 500 1532 auderent
544 1465 741 1531 Adiuvabat
763 1466 865 1530 etiarn
888 1483 1004 1530 eorum
1026 1464 1212 1540 consilium,
1229 1468 1288 1548 qui
1310 1484 1410 1532 rems

161 1591 255 1640 Nervii
329 1570 529 1645 deserebant,
551 1572 643 1652 quod
666 1571 781 1634 Nervii
805 1570 998 1651 antiquitus,
1019 1589 1097 1634 cum
1123 1571 1276 1652 equitatu
1299 1572 1382 1636 nihil

329 1685 465 1759 possent
479 1671 602 1758 (neque
620 1675 708 1738 enim
729 1674 774 1739 ad
794 1674 859 1739 hoc
879 1685 1013 1759 tempus
1030 1675 1061 1736 ei
1081 1672 1129 1736 rei
1148 1675 1295 1752 student,
1310 1678 1381 1750 sed,

329 1777 486 1860 quicquid
503 1786 650 1862 possunt,
666 1777 877 1862 pedestribus
893 1777 1008 1841 valent
1026 1778 1154 1862 copiisl,
1169 1798 1237 1860 quc
1253 1776 1382 1844 facilius

328 1881 543 1946 finitimorum
560 1882 760 1963 equitatum,
774 1883 802 1946 si
817 1881 999 1965 praedandi
1019 1901 1120 1946 causa
1134 1882 1178 1945 ad
1199 1902 1258 1946 ecs
1271 1885 1382 1949 venis·
1485 1924 1486 1935 ι

327 1995 412 2064 sent,
428 1985 634 2067 impedirent.
656 1986 778 2049 teneris
799 1984 970 2050 arboribus
991 1985 1103 2049 incisis
1125 1995 1227 2068 atque
1249 1986 1383 2052 inflexis

328 2090 518 2172 crebrisque
544 2090 577 2153 in
604 2089 815 2155 latitudinem
841 2090 943 2153 ramis
969 2091 1075 2152 enatis
1101 2099 1135 2153 et
1160 2089 1253 2153 rubis
1278 2093 1382 2156 senti·

327 2194 457 2275 busque
479 2193 656 2258 interiectis
679 2192 864 2269 effecerant,
887 2202 925 2256 ιιι
946 2193 1050 2256 instar
1071 2192 1156 2256 muri
1176 2192 1241 2256 hae
1262 2213 1383 2276 saepes

328 2298 534 2362 munimenta
556 2297 761 2380 praeberent,
780 2316 849 2378 quc
871 2316 938 2359 non
962 2297 1065 2360 modo
1086 2316 1156 2360 non
1177 2297 1301 2374 intrari,
1320 2301 1382 2363 sed

327 2421 369 2466 ne
382 2401 526 2484 perspici
541 2401 677 2482 quidem
693 2410 818 2483 posset.
864 2399 930 2464 His
944 2400 1044 2463 rebus
1059 2418 1135 2462 cum
1155 2401 1219 2464 iter
1235 2402 1381 2483 agminis
1394 2415 1408 2464 5

327 2507 432 2571 nostri
469 2505 691 2588 impediretur,
729 2523 797 2568 non
832 2504 1057 2568 omittendum
1093 2503 1158 2568 sibi
1201 2505 1381 2570 consilium

328 2609 442 2673 Nervii
458 2609 741 2673 existimaverunt.
1485 2696 1486 2699 Ἴ

159 2721 264 2771 Ground
371 2713 453 2777 Loci
486 2723 605 2778 natura
635 2723 706 2777 erat
735 2712 827 2790 haec,
856 2730 958 2794 quem
988 2711 1100 2776 locum
1129 2713 1234 2776 nostri
1263 2715 1430 2780 castris18

158 2785 314 2902 fffflff‘
327 2817 526 2901 delegerant.
573 2817 675 2883 Collis
705 2816 749 2881 ab
781 2835 914 2880 summo
946 2816 1133 2897 aequaliter
1163 2816 1302 2881 declivis
1336 2820 1382 2883 ad

159 2933 240 2982 amp.
326 2920 450 2985 flumen
466 2921 591 3000 Sabim,
610 2923 701 3002 quod
720 2941 819 3004 supra
839 2921 1092 2993 nominavimus,
1106 2919 1273 3004 vergebat.
1320 2921 1408 2989 Aba

327 3045 367 3089 eo
393 3024 528 3088 flumine
557 3025 628 3109 pari
659 3025 844 3090 acclivitate
874 3023 968 3087 collis
997 3025 1196 3088 nascebatur
1220 3025 1382 3090 adversus

325 3129 401 3194 huic
434 3137 468 3193 et
505 3129 697 3208 contrarius,
730 3148 848 3210 passus
883 3128 1012 3192 circiter
1044 3128 1207 3192 ducentos
1243 3128 1382 3195 infimus

326 3292 395 3342 Here
415 3305 453 3342 we
474 3289 537 3339 bave
560 3288 630 3338 three
646 3289 767 3354 genitives
783 3287 826 3339 de·
876 3289 968 3350 verb(‘
976 3297 1060 3352 posset
1069 3286 1123 3351 ²)is
1139 3303 1255 3338 common
1273 3295 1302 3339 to
1317 3291 1382 3342 both

325 3356 436 3438 peuding
455 3371 488 3406 cn
511 3371 558 3405 one
578 3359 687 3404 noun—¹
695 3363 825 3404 consuetu·
875 3353 978 3408 clauses.
990 3355 1038 3403 aud
1049 3361 1095 3403 not
1107 3356 1239 3442 expressed
1253 3357 1320 3404 until
1336 3358 1382 3408 tbe

325 3424 384 3474 dine
400 3421 494 3473 itineris
509 3419 586 3471 nostn
602 3421 722 3470 exercitus
738 3435 825 3470 eornm
875 3419 932 3478 last,
943 3418 986 3469 the
1006 3419 1122 3469 second‘
1130 3435 1180 3468 non
1189 3419 1295 3484 ’might
1310 3423 1382 3499 bave

325 3485 439 3540 dierum!
472 3487 528 3537 The
542 3485 617 3536 first'
609 3501 632 3536 ss
646 3503 662 3536 a
676 3485 783 3550 genitive
799 3485 828 3535 oi
874 3485 936 3534 been
958 3483 1105 3549 suppremed
1127 3485 1192 3547 bere,
1214 3501 1242 3535 as
1263 3487 1285 3534 it
1308 3487 1333 3537 is
1354 3491 1382 3538 in

325 3555 463 3615 definitiou,
483 3553 524 3602 the
546 3552 672 3602 seconde
689 3551 825 3614 subjective
873 3550 910 3600 iii.
924 3565 950 3614 4,
963 3554 1013 3609 5ι.

356 3619 439 3680 nitive,
449 3617 823 3682 thetbirdagenitivecltime.
906 3619 950 3665 18.
971 3619 1028 3675 51.
1053 3617 1181 3664 decuria
1227 3615 1381 3669 ‘Declivis’

347 3701 376 3734 or
388 3684 430 3734 the
441 3685 549 3743 laste
562 3683 596 3733 ili.
610 3682 650 3742 18,
663 3681 723 3742 56
731 3683 825 3768 superi·
874 3695 959 3730 neena
982 3679 1098 3769 ‘sloping
1126 3677 1219 3742 dovn,'
1241 3682 1381 3734 ‘acclivis’

325 3764 395 3799 orum
412 3751 507 3800 dierum
493 3700 650 3800 gabini
619 3745 776 3798 cunctatio’:
793 3747 824 3796 C
875 3747 994 3811 ‘sloping
1012 3761 1046 3810 cp
1052 3744 1125 3809 ’(vii.
1139 3759 1178 3810 19,
1191 3746 1323 3809 i¹)·F

325 3815 341 3864 i.
356 3827 378 3878 7,
397 3818 461 3892 5'1‘
472 3815 584 3864 omnium
602 3823 743 3880 temporum
761 3814 824 3863 inin·
874 3813 917 3861 the
938 3812 1028 3862 former
1049 3827 1087 3860 ve
1108 3811 1171 3860 bave
1197 3811 1241 3862 the
1265 3815 1382 3867 absc-act

324 3878 558 3930 rinsinimicomm?
875 3875 1055 3927 ‘declivitas’'
1048 3877 1127 3926 invii.
1136 3879 1175 3940 85,
1184 3879 1237 3961 54,
1249 3880 1382 3930 ιιιιιιιοιιι

357 3949 410 3994 sub
444 3950 571 3996 neclan.
613 3946 661 4012 Cp.
683 3945 702 3994 i.
722 3947 823 4008 ι4,55
873 3943 916 3993 tbe
937 3943 1010 3992 latter
1032 3938 1191 3993 ‘acclivitas'
1211 3943 1237 3994 in
1254 3945 1300 3996 tbe
1318 3953 1382 3996 next

258 4021 261 4030 '
324 4009 462 4060 sarcinas.⁸
874 4009 969 4059 sectrcn
979 4008 1067 4060 cithu
1078 4009 1187 4073 chapter.

359 4081 409 4137 54.
426 4088 486 4125 noa
507 4079 592 4126 modo
611 4089 677 4125 non.
721 4076 759 4125 As
779 4076 823 4125 the
906 4089 1000 4133 snpra.
1030 4072 1069 4134 1⁶,
1082 4078 1132 4134 5ι
