2984 4992
134 555 175 604 u.
188 550 229 618 3.]
392 551 446 605 ua
466 552 591 606 sauro
615 552 783 606 asiarco.
831 554 905 607 trs.
930 556 948 607 1
1143 564 1184 627 ²3

105 734 120 784 5
133 714 308 797 pertinere.
339 713 526 780 Consuesse
540 714 630 779 enim
646 715 726 780 deos
741 714 957 792 immortales,
967 734 1034 798 quo
1049 714 1183 799 gravim

132 818 286 883 homines
318 806 661 884 exffommutatione
697 838 806 883 rerum
836 817 979 893 doleant,
1009 838 1093 901 quos
1121 840 1183 904 pro

132 919 257 986 scelere
281 942 395 987 eorum
419 921 531 989 ulcisci
556 922 668 997 velint,
692 922 744 985 his
777 923 987 988 secundiores
1015 922 1182 989 interdum

105 1036 185 1089 ores
211 1035 247 1092 et
270 1026 509 1091 diuturniorem
532 1026 767 1109 impunitatem
791 1026 981 1091 concedere.
1028 1023 1115 1090 Cum
1143 1048 1183 1092 ea

134 1129 181 1193 ita
195 1129 272 1206 sint,
284 1137 407 1205 tamen,
422 1130 450 1193 si
466 1129 598 1193 obsides
613 1130 657 1193 ab
679 1129 720 1193 iis
735 1129 800 1194 sibi
819 1132 948 1203 dentur,
962 1129 1013 1195 uti
1035 1147 1083 1203 ea,
1098 1148 1184 1213 quae

133 1233 361 1317 polliceantur,
377 1232 522 1297 facturos
542 1232 724 1316 intellegat,
740 1240 774 1295 et
794 1232 823 1297 si
844 1231 974 1298 Aeduis
988 1232 1032 1296 de
1050 1232 1183 1311 iniuriis,

133 1356 217 1419 quas
233 1336 317 1420 ipsis
337 1336 503 1419 sociisque
521 1356 636 1402 eorum
657 1336 839 1414 intulerint,
852 1337 934 1402 item
948 1338 976 1401 si
992 1335 1183 1420 Allobrogi·
1331 1363 1391 1386 wa

133 1440 196 1504 bus
228 1440 441 1515 satisfaciant,
465 1460 540 1505 sese
570 1460 645 1505 cum
679 1439 721 1503 iis
751 1460 868 1525 pacem
899 1460 972 1505 esse
1000 1437 1182 1505 iacturum?

105 1556 119 1609 ⁷
134 1544 254 1609 Divico
274 1544 464 1627 respondit:
488 1544 561 1607 ‘Ita
578 1543 755 1609 Helvetios
768 1564 789 1607 a
802 1544 984 1609 maioribus
1003 1543 1073 1607 suis
1090 1543 1182 1609 iusti·

133 1658 225 1713 tutos
249 1668 330 1725 esse,
353 1648 401 1712 uti
431 1647 563 1713 obsides
589 1648 751 1732 accipere,
773 1667 841 1711 non
869 1648 949 1712 dare
973 1648 1181 1713 consuerint:

133 1752 204 1817 eius
219 1751 266 1816 rei
283 1752 442 1835 populum
459 1750 649 1816 Romanum
666 1771 738 1817 esse
755 1747 896 1815 testem?
932 1750 1008 1816 Hoc
1021 1769 1183 1835 responso

133 1856 214 1921 dato
229 1856 390 1920 discessit.

82 1950 120 2003 15
179 1959 318 2023 Postero
344 1959 398 2023 die
422 1967 529 2040 castra
555 1978 600 2023 ex
626 1978 667 2022 eo
693 1957 768 2023 loco
794 1967 939 2023 movent.
987 1957 1085 2023 idem
1104 1957 1183 2025 iacit
1196 1964 1327 2043 Thgflel·

134 2061 258 2128 Caesar
286 2062 536 2145 equitatumque
566 2082 709 2141 omnem,
738 2062 783 2128 ad
820 2082 996 2127 numerum
1024 2072 1184 2144 quattuor
1194 2038 1344 2162 {giam

134 2166 272 2244 milium,
287 2186 387 2249 quem
402 2187 447 2230 ex
461 2165 553 2229 omni
568 2166 737 2248 provincia
758 2174 792 2229 et
807 2164 937 2231 Aeduis
952 2176 1054 2249 atque
1068 2184 1182 2231 eorum
1194 2179 1211 2212 ⁸
1221 2161 1321 2226 oevdry

133 2270 231 2335 sociis
254 2279 406 2334 coactum
428 2268 584 2345 habebat,
599 2269 795 2353 praemittit,
808 2269 866 2353 qui
885 2270 1030 2346 videant,
1043 2288 1126 2352 quas
1148 2269 1183 2333 in
1194 2235 1335 2279 memte.

106 2384 245 2458 apartes
274 2374 388 2439 hostes
418 2372 480 2438 iter
509 2372 639 2439 saciant.
686 2372 754 2456 Qui
783 2373 936 2456 cupidius
965 2371 1181 2436 novissimum

132 2498 254 2561 agmen
281 2477 419 2542 insecuti
446 2476 555 2541 alieno
579 2476 654 2542 loco
678 2496 755 2542 cum
778 2476 929 2558 equitatu
949 2474 1182 2540 Helvetiorum

105 2582 295 2665 aproelium
311 2581 546 2659 committunt3
569 2590 604 2645 et
619 2582 717 2665 pauci
730 2581 775 2644 de
790 2582 911 2645 nostris
926 2578 1059 2645 eadunt.
1105 2576 1183 2660 Quo

132 2802 277 2853 Somewlm
301 2801 397 2852 similar
425 2800 446 2851 is
475 2799 518 2851 the
546 2799 635 2865 phrase
682 2798 821 2851 theseum
834 2798 919 2849 beiore
929 2799 972 2849 the
982 2797 1183 2864 miudiuuwsy

132 2869 250 2919 ‘obscure
272 2867 350 2917 serre!
379 2866 476 2927 Cioero,
504 2865 636 2916 Peradoxa
682 2864 753 2915 tbnt‘
866 2862 1183 2923 t'wouldnotbuvedone,

134 2938 148 2994 t
172 2948 206 2997 45
231 2939 417 2999 ‘paupertatem
434 2969 441 2981 .
458 2968 465 2981 .
483 2968 490 2981 .
509 2946 635 2996 nunquam
681 2930 788 2995 beiugin
810 2936 851 2981 aot
893 2930 1184 2997 nivalentto‘coegeret

132 3000 237 3051 obscure
247 2995 342 3049 tulisti!
681 3002 707 3046 et
727 2993 854 3047 habebct’
936 2996 956 3045 it
972 3011 1011 3045 we
1022 3012 1068 3046 cun
1084 3012 1126 3046 see
1141 2996 1183 3047 the

165 3069 179 3124 ς
193 3078 216 3129 5.
233 3079 291 3123 quo
307 3066 423 3123 mulus
439 3064 577 3123 homines,
588 3063 635 3111 do.
680 3061 816 3127 beginning
832 3061 863 3110 os
873 3062 915 3112 the
929 3077 972 3111 use
987 3061 1017 3111 oi
1025 3060 1145 3111 ‘babere’
1155 3077 1184 3110 es

132 3131 182 3195 Cp.
201 3130 245 3181 Al.
262 3144 301 3192 25,
316 3135 329 3190 ς
344 3145 361 3192 4
379 3129 430 3180 ‘At
446 3128 554 3187 tortum,
570 3141 635 3191 qnae
681 3142 713 3177 au
722 3127 846 3193 auxiliary
853 3128 922 3186 verb,
929 3126 1012 3177 which
1022 3126 1069 3177 bes
1079 3128 1183 3177 become

149 3198 277 3261 letumque
289 3210 340 3255 eos,
352 3209 415 3260 quos
430 3194 546 3259 plurimis
562 3192 636 3241 bene·
681 3193 781 3269 penerel
791 3194 818 3242 in
830 3193 960 3257 Europen
971 3200 1067 3255 syntax.
1090 3192 1184 3241 Caesar

130 3212 195 3311 ielis
217 3262 324 3320 omnrit,
345 3259 379 3308 ad
402 3259 526 3309 duriorem
551 3272 635 3308 ossum
681 3272 703 3307 rs
714 3258 873 3324 perticululy
881 3257 997 3308 eddicted
1007 3265 1035 3307 to
1046 3256 1182 3306 theidiom.

130 3324 257 3377 reservat'
291 3326 332 3375 Το
343 3326 385 3375 the
400 3340 468 3375 nme
479 3324 550 3374 effect
562 3322 635 3373 Philo
681 3323 990 3388 Cp.18,§3‘redempta
1005 3319 1123 3377 babere':
1140 3338 1182 3385 44,

132 3393 241 3455 (ii.4a5,
254 3392 294 3441 De
311 3390 634 3467 Praem.etPoen.§12),
683 3391 696 3449 5
718 3402 747 3483 ιτ
769 3392 941 3453 ‘compertum
962 3386 1085 3472 habere':
1110 3387 1137 3436 li.
1155 3404 1182 3451 4,

130 3458 257 3586 {iffi
267 3454 635 3585 tlieswilgkfflysffi‘ffl
681 3457 743 3569 ‘inibi
754 3454 906 3585 hpierstsesumbete
861 3454 1079 3568 &Plbiabteabebtl’ni
1094 3465 1128 3567 ii.
1138 3455 1181 3577 ἐξ,

130 3585 253 3651 peronius,
263 3584 400 3650 τὴνάρχὴν
415 3586 460 3635 οὐκ
476 3586 513 3635 ἆτ’
526 3582 635 3649 ὠφελείᾳ
682 3588 695 3645 5
720 3598 735 3647 3
755 3584 864 3634 ‘hubent
890 3580 1034 3639 instituta's
1064 3597 1104 3643 ao,
1128 3587 1141 3643 ἱ
1167 3597 1179 3633 1

129 3653 180 3703 τῶν
190 3652 329 3713 λαβόντων,
342 3650 401 3700 ἀλλ’
411 3650 522 3715 tutaret
532 3650 634 3715 βαρῦναι
681 3651 790 3700 ‘babent
806 3650 904 3713 legibus
922 3645 1067 3699 sanctum’:
1085 3648 1127 3697 vii
1141 3662 1181 3714 29,

131 3718 177 3780 τὴν
194 3718 264 3768 ortus
281 3716 452 3781 σφοδρότερον,
471 3715 523 3779 ἤνις
543 3716 571 3765 is
590 3714 635 3764 τοῦ
683 3721 696 3776 ᾗ
720 3714 736 3764 6
759 3714 892 3765 ‘enectum
914 3712 1037 3773 bebere'3
1063 3729 1102 3778 54,
1127 3718 1140 3773 5
1166 3728 1179 3764 2

132 3784 263 3847 στέρεσθαι
289 3782 354 3833 κατὰ
380 3782 513 3845 ἀωγκαΐον
543 3781 634 3832 iterur.
681 3783 854 3897 *ΨΜ
870 3777 1009 3830 Ιιιδοδιῐί
1028 3778 1068 3829 vit
1086 3786 1179 3843 ma

131 3848 625 3914 Tbeuentimentwnseoommonplsoe.
683 3848 690 3873 ‘
732 3845 974 3897 bereconvectum':
992 3845 1023 3896 C.
1034 3845 1069 3895 iii
1084 3842 1182 3910 62‚;4

164 3920 206 3966 15.
220 3919 234 3975 ἦ
249 3928 270 3965 1.
294 3920 424 3965 oosotnm
442 3917 573 3975 habebat,
587 3912 635 3963 'he
681 3912 807 3977 ‘positum
814 3909 949 3969 babebat’3
968 3911 1008 3974 84,
1019 3915 1067 3970 §rr
1085 3911 1129 3962 Al.
1141 3925 1181 3975 ²4·

131 3981 183 4031 bad
200 3978 339 4031 collected!
378 3978 441 4029 This
459 3979 523 4029 iorm
544 3978 573 4028 oi
592 3994 634 4029 ex·
683 3982 696 4038 ς
719 3992 730 4027 1
755 3977 895 4040 ‘cognitum
916 3976 1056 4026 habebst':
1080 3976 1115 4027 H.
1141 3990 1181 4042 19,

131 4048 243 4111 pression
254 4046 341 4111 brings
354 4044 396 4097 the
413 4052 512 4111 present
525 4044 596 4097 effect
609 4042 638 4095 ol
682 4041 913 4107 §3‘oonstltutum
923 4040 1053 4093 meuse:
