2984 4992
338 572 397 619 100
699 571 730 623 C.
755 572 852 624 rum
875 570 1063 625 CAESARIS
1307 574 1344 641 [1.
1354 591 1387 642 4-

336 729 394 812 qui
408 728 595 815 appellatur
610 730 813 810 Octodurus,
829 732 996 812 hiemare3
1018 736 1075 818 qui
1092 734 1183 801 vicus
1204 736 1334 819 positus
1353 738 1385 801 in
1399 758 1412 807 ⁵

335 834 432 911 valle,
455 854 523 900 non
545 856 668 921 magna
693 837 824 903 adiecta
850 838 1001 922 planicie,
1024 839 1192 906 altissimis
1218 842 1385 907 montibus

337 940 483 1021 undique
509 940 705 1005 continetur.
751 940 838 1007 Cum
864 941 919 1006 hic
945 944 979 1007 in
1003 944 1088 1009 duas
1118 954 1229 1029 partes
1253 945 1412 1011 fluminei

337 1044 545 1122 divideretur,
560 1044 700 1111 alteram
722 1053 853 1129 partem
868 1046 939 1112 eius
960 1048 1025 1112 vici
1044 1046 1150 1114 Gallis
1166 1049 1223 1133 [ad
1238 1049 1385 1115 hieman-
1483 1066 1484 1071 ’

336 1144 433 1237 dum]
449 1150 622 1227 concessit,
637 1148 776 1215 alteram
794 1170 933 1216 vacuam
957 1152 999 1216 ab
1020 1152 1059 1215 iis
1075 1152 1224 1218 relictam
1244 1154 1386 1219 cohorti·
1483 1160 1484 1163 ’

336 1254 400 1319 bus
413 1253 574 1320 attribuit
619 1254 708 1318 Eum
724 1254 834 1319 locum
849 1256 938 1319 vallo
954 1256 1108 1338 fossaque
1123 1258 1271 1322 munivit

382 1359 468 1425 Cum
491 1358 563 1423 dies
583 1357 798 1424 hibernorum
820 1358 1009 1442 complures
1024 1361 1228 1439 transissent,
1242 1361 1417 1427 frumen-8

226 1448 244 1498 ⁸
337 1473 476 1547 tumque
496 1483 537 1528 eo
555 1462 756 1546 comportari
772 1463 931 1538 iussisset,
946 1462 1059 1529 subito
1079 1484 1138 1547 per
1157 1465 1386 1550 exploratores
1483 1480 1484 1541 ζ

335 1569 455 1635 certior
480 1566 588 1633 faetus
614 1576 665 1632 est
691 1588 737 1633 ex
763 1588 803 1633 ea
825 1576 920 1653 parte
946 1567 1018 1643 vici,
1047 1587 1149 1650 quam
1175 1568 1282 1635 Gallis
1308 1590 1386 1637 con-
1483 1604 1484 1607 π

334 1681 487 1752 cesserat,
504 1692 619 1738 omnes
635 1682 736 1737 noem
752 1672 950 1749 discessisse,
966 1683 1171 1756 montesque,
1188 1675 1245 1756 qui
1260 1675 1385 1757 impen-
1483 1676 1484 1679 ’

334 1777 458 1852 derent,
470 1798 491 1841 a
506 1777 654 1841 maxima
669 1777 883 1842 multitudine
899 1776 1109 1843 Sedunorum
1124 1798 1164 1843 ac
1178 1779 1384 1863 Veragorum

335 1882 451 1945 teneri.
496 1881 537 1946 Id
559 1880 689 1963 aliquot
708 1882 751 1946 de
774 1881 881 1947 causis
904 1866 1079 1962 acciderat,
1101 1892 1138 1948 ut
1161 1884 1274 1949 subito
1299 1883 1409 1950 Gallis

335 1982 415 2049 belli
438 1984 618 2049 renovandi
643 1984 850 2068 legionisque
874 1986 1110 2070 opprimendae
1133 1986 1309 2051 consilium
1331 2009 1384 2053 ca-

334 2095 473 2171 perent3
495 2088 640 2172 primum
656 2090 747 2170 quod
768 2087 932 2172 legionem
947 2109 1055 2172 neque
1070 2111 1143 2155 eam
1159 2090 1384 2174 plenissimam
1397 2108 1410 2157 ³

335 2192 491 2257 detractis
513 2191 705 2257 cohortibus
727 2193 856 2258 duabus
879 2202 913 2257 et
936 2194 1160 2279 compluribus
1182 2194 1385 2278 singillatim,

334 2296 391 2379 qui
405 2304 610 2361 commeatus
624 2297 761 2379 petendi
777 2317 877 2363 causa
893 2298 983 2363 missi
999 2307 1102 2375 erant,
1117 2308 1253 2382 propter
1271 2300 1384 2382 pauci·

333 2410 438 2466 tatem
453 2399 694 2484 despiciebant3
710 2412 781 2465 tum
797 2403 908 2481 etiam,
921 2402 1011 2483 quod
1024 2410 1159 2487 propter
1175 2402 1411 2484 iniquitatem4

333 2504 405 2584 loci,
420 2526 496 2570 cum
513 2505 574 2590 ipsi
589 2526 634 2570 ex
650 2506 818 2571 montibus
837 2506 870 2569 in
888 2506 1010 2571 vallem
1030 2507 1242 2571 decurrerent
1262 2517 1298 2571 et
1318 2506 1386 2571 tela

332 2608 527 2689 coniectent,
554 2629 597 2675 ne
625 2610 769 2694 primum
800 2610 935 2691 quidem
966 2630 1065 2692 posse
1093 2610 1257 2694 impetum
1287 2631 1383 2677 suum

333 2712 485 2777 sustineri
514 2714 763 2779 existimabant.
807 2713 1013 2793 Accedebat,
1044 2714 1135 2797 quod
1165 2734 1245 2778 suos
1274 2715 1319 2779 ab
1349 2733 1408 2785 set

334 2814 454 2880 liberos
468 2818 653 2883 abstractos
668 2820 822 2883 obsidum
839 2820 972 2883 nomine
989 2817 1148 2884 dolebant
1162 2826 1197 2883 et
1214 2818 1385 2884 Romanos
1483 2820 1484 2833 *

332 2939 398 2983 non
420 2918 528 2984 solum
549 2920 702 2985 itinerum
726 2942 836 3001 causa,
850 2922 909 2987 sed
932 2922 1034 2986 etiam
1055 2932 1235 3007 perpetuae
1256 2942 1385 3007 posses·
1483 2920 1484 2929 ’

330 3021 433 3087 sionis
451 3021 595 3087 culmina
617 3023 757 3109 Alpium
781 3046 943 3110 occupare
964 3027 1074 3091 conari
1097 3037 1132 3091 et
1154 3046 1195 3090 ea
1218 3026 1292 3091 loca
1310 3026 1382 3090 fini·
1483 3032 1484 3109 l

332 3126 433 3190 timae
449 3126 636 3210 provinciae
650 3129 829 3213 adiungere
844 3130 907 3195 sibi
922 3149 1114 3213 persuasum
1131 3129 1310 3195 habebant.
1483 3132 1484 3145 ¹

162 3240 295 3294 Asonncil
378 3230 444 3295 His
470 3232 593 3295 nuntiis
618 3234 762 3318 acceptis
788 3232 906 3311 Galba,
928 3253 1005 3297 cum
1031 3254 1140 3317 neque
1165 3252 1251 3318 opus
1275 3232 1412 3298 hiber-8

160 3308 251 3424 §gfff
332 3356 450 3401 norum
473 3335 741 3419 munitionesque
764 3336 862 3419 plene
885 3350 993 3403 essent
1016 3336 1193 3421 perlectae,
1208 3357 1318 3419 neque
1339 3339 1381 3402 de
1483 3356 1484 3391 1

332 3438 496 3505 frumento
525 3439 718 3523 reliquoque
747 3450 936 3506 commeatu
966 3442 1047 3505 satis
1080 3451 1167 3506 esset
1204 3441 1381 3523 provisum,
1483 3478 1484 3515 ,

330 3546 421 3625 quod
436 3544 606 3609 deditione
621 3543 709 3609 sacta
723 3544 960 3627 obsidibusque
980 3544 1125 3627 acceptis
1140 3544 1220 3608 nihil
1235 3546 1279 3609 de
1295 3544 1381 3611 bello
1483 3602 1484 3605 ,

330 3648 514 3714 timendum
552 3648 809 3727 existimaverat,
839 3647 977 3713 consilio
1010 3648 1159 3714 celeriter
1196 3658 1380 3715 convocato
1483 3644 1484 3683 ³

365 3865 424 3927 56.
445 3870 570 3919 numine.
604 3868 660 3919 The
679 3867 768 3919 thne
787 3883 828 3918 ac·
911 3869 937 3917 2.
959 3871 972 3927 5
997 3880 1020 3917 a.
1048 3870 1195 3920 Id...ut.
1224 3868 1242 3919 i.
1273 3878 1298 3932 7,
1321 3870 1335 3927 ς
1357 3880 1378 3925 1,

329 3931 828 3999 eordingtoM.Desjerdlns,theDranse
879 3930 934 3983 ‘id'
1362 3996 1368 4007 ⁸
1483 3996 1484 4005 ἵ

329 3998 464 4063 according
490 4006 518 4049 to
546 3998 583 4051 Μ.
611 3998 643 4050 de
665 3998 757 4065 Sauley
778 4000 828 4051 and
912 4002 967 4061 53.
990 4003 1172 4059 commeatus,
1195 3998 1261 4064 sing.
1295 4000 1341 4065 Cp.
1361 4013 1378 4046 r.
1483 4010 1484 4077 J

266 4124 270 4133 ,
328 4062 525 4129 uaporemru
879 4062 1258 4129 aususausu-
1483 4078 1484 4109 i
