2984 4992
320 512 383 575 274
663 500 696 555 c.
721 502 818 555 ιυιιι
841 498 1031 555 crasans
1274 502 1332 569 [ss.
1344 518 1380 567 3-

321 665 508 751 quibusque
532 664 734 744 cohortibus,
759 665 809 729 uti
839 684 995 730 numerus
1024 662 1193 748 legionum
1223 673 1378 729 constare

321 771 496 835 videretur.
542 769 607 834 His
631 790 732 853 quam
757 768 950 853 longissime
974 777 1111 851 possent
1134 769 1248 853 egredi
1271 769 1407 845 iussis‚4

321 894 397 939 cum
413 874 478 938 iam
497 894 541 939 ex
559 874 626 939 diei
640 883 792 957 tempore
813 860 1038 939 coniecturam
1058 882 1192 955 ceperat
1212 872 1247 935 in
1268 884 1380 938 castra

321 989 524 1060 perventum,
539 976 654 1042 iisdem
677 976 820 1056 sublicis,
834 996 973 1060 quarum
995 996 1070 1059 pars
1090 974 1224 1041 inferior
1245 976 1379 1059 integra

321 1081 523 1159 remanebat,
551 1091 690 1165 pontem
723 1078 858 1145 reficere
888 1080 1009 1164 coepit
1065 1077 1227 1145 Celeriter
1257 1078 1406 1151 effectos

321 1205 422 1268 opere
452 1185 703 1271 legionibusque
733 1183 897 1249 traductis
925 1192 961 1247 et
989 1181 1064 1247 loco
1101 1182 1218 1247 castris
1255 1184 1380 1249 idoneo

154 1304 286 1371 Vereinge
323 1288 454 1354 delecto
491 1288 633 1371 reliquas
668 1287 782 1371 copias
819 1287 991 1353 revocavit
1046 1286 1305 1369 Vercingetorix
1343 1302 1408 1351 reo

154 1372 286 1486 ffiffign
324 1393 469 1475 cognita,
484 1413 528 1456 ne
546 1400 662 1457 contra
682 1411 776 1456 suam
791 1389 996 1456 voluntatem
1014 1390 1171 1455 dimicare
1192 1399 1379 1474 cogeretur,

154 1452 304 1567 uei'e’igurs
325 1496 454 1581 magnis
468 1495 638 1561 itineribus
652 1494 837 1560 antecessit

154 1568 254 1698 ἴυζ’
369 1599 491 1665 Caesar
505 1619 550 1663 ex
568 1620 610 1665 eo
627 1599 701 1664 loco
716 1598 840 1683 quintis
862 1598 980 1665 castris
1001 1596 1202 1683 Gergoviam
1224 1599 1482 1682 pervenitur

324 1704 534 1787 equestrique
549 1724 590 1767 eo
605 1704 660 1768 die
674 1702 802 1787 proelio
822 1702 884 1767 levi
900 1702 989 1767 lacto
1004 1710 1179 1786 perspecto
1195 1702 1288 1767 urbis
1303 1702 1381 1777 situ,

322 1827 409 1890 quae
428 1806 540 1889 posita
561 1808 595 1871 in
614 1805 777 1872 altissimo
803 1816 919 1872 monte
945 1825 1062 1871 omnes
1087 1807 1197 1870 aditus
1227 1804 1381 1871 difficiles

321 1910 475 1985 habebat,
490 1912 533 1975 de
553 1910 804 1994 expugnatione
824 1909 1020 1994 desperavit,
1035 1910 1079 1974 de
1096 1909 1291 1974 obsessione
1311 1930 1381 1974 non

323 2012 414 2097 prius
426 2014 595 2095 agendum
610 2012 784 2079 constituit
787 2033 907 2095 ,quam
923 2033 993 2078 rem
1009 2012 1259 2078 frumentariam
1275 2034 1381 2097 expe·

323 2118 436 2182 disset
477 2116 530 2181 At
558 2116 816 2202 Vercingetorix
847 2117 964 2182 castris
992 2137 1101 2201 prope
1133 2117 1299 2202 oppidum
1327 2113 1406 2205 [inr

323 2214 453 2307 monte]
468 2220 586 2303 positis
608 2220 880 2284 mediocribus
850 2240 973 2285 circum
995 2240 1031 2285 se
1045 2220 1223 2285 intervallis
1244 2240 1379 2303 separa-

322 2324 385 2388 tim
417 2322 621 2407 singularum
658 2325 830 2389 civitatum
867 2324 981 2408 copias
1018 2323 1239 2389 collocaverat
1276 2334 1380 2408 atque

323 2428 522 2494 omnibus
492 2448 563 2493 erus
578 2428 645 2511 iugi
635 2427 801 2493 collibus
815 2428 997 2511 occupatis,
1012 2449 1079 2512 qua
1092 2428 1218 2512 despici
1235 2438 1379 2511 poterat,

322 2531 513 2598 horribilem
535 2533 680 2615 speciem
701 2530 886 2616 praebebat
907 2532 1138 2617 principesque
1161 2552 1275 2597 earum
1297 2534 1380 2597 civi-
1394 2560 1408 2607 3

322 2646 442 2714 tatum,
467 2657 553 2719 quos
580 2636 645 2701 sibi
673 2638 717 2701 ad
748 2634 923 2701 consilium
959 2636 1161 2720 capiendum
1196 2636 1381 2721 delegerat,

323 2740 431 2825 prima
459 2739 534 2804 luce
562 2740 687 2805 cotidie
711 2740 755 2804 ad
782 2760 818 2805 se
841 2740 1016 2805 convenire
1040 2740 1185 2819 iubebat,
1212 2760 1271 2805 seu
1297 2744 1382 2824 quid

322 2842 646 2923 communicandum,
668 2863 727 2907 seu
753 2843 835 2926 quid
866 2842 1168 2908 administrandum
1194 2844 1382 2923 videretur,

323 2966 432 3029 neque
446 2946 549 3010 ullum
565 2947 632 3012 lere
649 2947 739 3012 diem
756 2946 1005 3026 intermittebat,
1020 2948 1101 3031 quin
1119 2948 1266 3029 equestri
1282 2968 1410 3032 proc-4

325 3050 380 3130 lio,
396 3049 572 3116 interiectis
588 3050 777 3133 sagittariis,
792 3051 905 3134 quid
895 3072 930 3115 ιιι
948 3069 1082 3135 quoque
1104 3061 1191 3115 esset
1212 3052 1318 3115 animi
1341 3074 1382 3117 ac

325 3153 457 3219 virtutis
480 3174 615 3219 suorum
642 3154 891 3238 periclitaretur
948 3153 1031 3219 Erat
1055 3174 1075 3216 e
1096 3153 1232 3238 regione
1261 3158 1408 3241 oppidis

326 3257 422 3323 collis
442 3258 537 3322 sub
528 3258 609 3342 ipsis
631 3258 799 3322 radicibus
820 3257 954 3335 montis,
969 3258 1100 3341 egregie
1118 3259 1264 3322 munitus
1280 3269 1383 3343 atque

326 3382 371 3426 ex
392 3360 484 3426 omni
507 3372 602 3446 parte
623 3358 854 3439 circumcisus3
875 3380 975 3445 quem
994 3361 1023 3427 si
1044 3371 1197 3427 tenerent
1215 3365 1333 3443 nostri,
1348 3372 1382 3429 et

213 3494 219 3507 ·
327 3486 434 3549 aquae
464 3484 586 3548 magna
615 3476 711 3549 parte
741 3475 776 3530 et
804 3464 1021 3551 pabulatione
1050 3464 1154 3530 libera
1184 3467 1382 3548 prohibituri

327 3570 440 3633 hostes
461 3568 668 3635 videbantur.
713 3567 832 3635 Sedis
854 3569 946 3634 locus
968 3568 1135 3653 praesidio
1162 3571 1206 3633 ab
1232 3570 1288 3635 his
1313 3580 1408 3637 nont

328 3674 437 3737 minus
464 3671 560 3738 firmo
586 3673 770 3739 tenebatur.
816 3674 946 3738 Tamen
973 3672 1104 3737 silentio
1125 3674 1234 3738 noctis
1258 3674 1407 3741 Caesar?

326 3798 357 3848 oi
375 3798 419 3847 the
439 3798 541 3852 inlermr
559 3800 635 3851 MSS.
650 3800 739 3851 hase‘
746 3806 805 3865 cept
806 3800 828 3850 is
876 3798 975 3851 thelsu
1070 3800 1166 3851 thesin
1166 3800 1382 3865 gularwssoon·

326 3864 421 3929 quartis
428 3863 735 3945 quibusqneoobortibus?
753 3866 827 3915 Holi-
877 3865 1109 3931 monlyempoyed
1061 3816 1226 3933 yedwithq
1227 3868 1333 3934 ursq’ue.

324 3879 687 3983 mann'semeudrtionsuliers
696 3931 774 3982 unda
784 3932 828 3982 the
909 3934 1021 3993 8041.
1047 3934 1227 3991 uncorum
1227 3882 1379 3987 sesnes

323 3994 502 4063 dndmuge
517 3997 573 4049 that
588 4004 616 4049 at
631 3996 784 4065 tlslsperiod
800 3996 829 4047 ol
876 3996 909 4053 c.
