2984 4992
121 594 166 641 ιο.
179 587 218 654 a]
379 588 433 640 oa
454 588 578 641 narro
603 588 772 643 taruco.
821 590 893 641 rra.
919 591 936 642 1
1134 596 1175 659 η

124 748 270 815 Romani
296 770 361 815 non
388 752 491 817 modo
513 750 557 815 de
579 770 693 834 regno,
716 751 776 816 sed
800 751 902 817 etiam
927 752 971 817 de
996 772 1047 831 sa,
1072 772 1174 835 quarn

79 881 109 916 ιο
124 852 259 933 habeat,
268 854 376 939 gratia
386 850 582 939 desperare'
609 854 813 938 Reperiebat
822 854 925 920 etiam
936 856 971 920 in
983 856 1175 937 quaerendo

125 954 260 1037 Caesar,
282 960 372 1041 quod
394 958 558 1042 proelium
584 968 738 1041 equestre
760 959 937 1025 adversum
958 960 1074 1044 paucis
1094 971 1174 1027 ante

124 1061 242 1125 diebus
264 1071 353 1127 esset
373 1062 507 1141 factum,
521 1062 652 1127 initium
672 1062 744 1128 eius
765 1061 864 1147 iugae
886 1060 1011 1128 iactum
1027 1085 1048 1128 a
1066 1062 1174 1126 Dum·

124 1166 242 1249 norige
254 1176 356 1248 atque
371 1166 441 1231 eius
457 1166 623 1250 equitibus
633 1162 725 1253 (narn
741 1166 916 1250 equitatui,
930 1185 1030 1249 quem
1046 1166 1175 1230 auxilio

126 1266 263 1333 Caesari
289 1270 402 1337 Aedui
429 1270 596 1351 miserant,
620 1271 813 1335 Dumnorix
837 1268 1023 1356 praeerat):
1059 1288 1173 1335 eorum

124 1372 204 1455 suga
219 1372 384 1456 reliquum
400 1394 471 1439 esse
487 1374 673 1455 equitatum
689 1373 920 1459 perterritum!

69 1494 110 1547 19
169 1474 302 1560 Quibus
318 1478 416 1543 rebus
431 1478 580 1563 cognitis,
596 1498 672 1545 cum
694 1479 738 1543 ad
758 1477 820 1543 has
839 1478 1042 1563 suspiciones
1061 1478 1175 1542 certis·
1159 1495 1318 1546 -ιιιιιιιιειι

123 1580 229 1647 simae
265 1602 317 1646 res
355 1582 559 1658 accederent,
596 1582 687 1665 quod
724 1602 786 1666 per
823 1580 905 1647 fines
943 1566 1173 1665 Sequanorum
1185 1561 1304 1677 ζ’ῐῗοῗζ

125 1681 302 1750 Helvetios
330 1685 544 1766 traduxisset,
569 1686 661 1769 quod
691 1684 825 1751 obsides
849 1687 935 1751 inter
963 1705 1022 1751 eos
1047 1684 1176 1751 dandos

124 1796 283 1869 curasset,
312 1790 405 1872 quod
441 1810 482 1854 ea
518 1790 632 1853 omnia
667 1810 733 1854 non
764 1790 867 1855 modo
896 1790 1021 1854 iniussu
1051 1808 1115 1853 suo
1141 1798 1176 1853 et

124 1892 279 1969 civitatis,
305 1894 364 1958 sed
390 1892 491 1957 etiam
522 1891 735 1957 inscientibus
764 1894 845 1977 ipsis
872 1893 1011 1969 iecisset,
1035 1892 1126 1975 quod
1156 1912 1176 1955 a

125 1997 322 2080 magistratu
356 1994 551 2062 Aeduorum
588 2006 804 2073 accusaretur,
834 1998 916 2063 satis
947 2017 1021 2063 esse
1057 2014 1177 2061 causae

124 2100 359 2179 arbitrabatur,
373 2121 474 2183 quare
494 2100 528 2163 in
549 2119 625 2165 eum
646 2110 705 2165 aut
723 2100 795 2183 ipse
815 2101 1099 2176 animadverteret,
1116 2110 1177 2166 aut

97 2204 295 2275 ,civitatem
330 2204 591 2270 animadvertere
622 2203 758 2269 iuberet.
802 2204 867 2269 His
895 2204 1049 2270 omnibus
1079 2205 1177 2269 rebus

126 2328 228 2372 uuum
259 2308 474 2393 repugnabat,
501 2309 591 2393 quod
622 2308 781 2374 Divitiaci
807 2307 916 2374 fratris
945 2327 1112 2371 summurn
1142 2309 1177 2371 in

3 2450 5 2533 ρ
126 2411 288 2497 populum
305 2413 495 2477 Romanum
510 2413 667 2490 studium,
680 2432 846 2477 summam
861 2413 896 2477 in
911 2432 947 2477 se
961 2412 1178 2488 voluntatem,

125 2517 293 2602 egregiam
328 2516 439 2595 fidem,
470 2516 639 2595 iustitiam,
670 2517 925 2601 temperantiam
959 2527 1176 2600 cognoveram

127 2640 216 2697 nam,
247 2641 290 2685 ne
322 2621 393 2685 eius
425 2620 589 2703 supplicio
619 2620 776 2685 Divitiaci
807 2621 954 2684 animum
987 2618 1178 2694 offenderet,

101 2724 312 2796 atterebatur.
368 2725 487 2809 Itaque
516 2726 617 2808 prius,
647 2744 749 2809 quam
780 2724 964 2808 quidquam
993 2734 1179 2800 conaretur,

161 2967 226 3025 510.
237 2966 525 3024 quodomnium
537 2962 629 3021 ’Τιιιι
676 2963 702 3012 in
719 2962 781 3024 first,
798 2961 847 3011 and
864 2962 924 3013 then
941 2962 1046 3013 referred
1066 2962 1131 3013 back
1150 2970 1178 3013 to

128 3030 208 3079 asior
220 3027 263 3080 the
278 3029 377 3091 cavdry
388 3028 470 3079 deleat
482 3028 564 3080 which
579 3027 630 3078 had
676 3028 754 3079 under
775 3043 791 3078 s
813 3028 927 3079 different
947 3028 1011 3079 ιοιιιι
1032 3027 1063 3077 οι
1087 3029 1177 3079 words

126 3094 204 3145 taken
221 3094 293 3159 place
309 3110 325 3143 a
340 3095 387 3145 lew
401 3094 449 3159 day
451 3110 463 3145 s
479 3095 572 3153 before,
587 3094 630 3145 the
677 3093 909 3144 Thisvvoulduots
956 3094 1177 3153 riscusluGreek,

126 3159 336 3225 ssightbadbeen
351 3112 630 3253 begpnybyDumuorix
676 3160 845 3210 butinLatin
859 3160 951 3209 such
953 3175 1094 3211 oenoessre
1108 3174 1179 3209 more

126 3224 380 3277 audhishorsemea'
399 3225 536 3310 ‘proelium
539 3240 629 3313 eques
676 3226 841 3290 exceptional.

126 3288 341 3342 treadversnm’a
348 3288 433 3355 ‘'iuga.
451 3289 631 3357 ‘’quodseems
710 3294 753 3339 10.
775 3296 787 3351 t
814 3304 836 3341 1.
859 3294 937 3349 quod
959 3306 1011 3384 per·
1031 3293 1112 3349 fines,
1131 3292 1179 3339 bo.

127 3357 270 3407 beretobe
284 3357 327 3407 the
341 3356 443 3406 relative
457 3372 570 3422 pronoun
581 3355 631 3405 sad
678 3356 754 3405 From
769 3356 819 3406 this
832 3356 907 3407 don
922 3364 950 3406 to
963 3355 1145 3405 ιἰιιιιιιιειιι
1155 3355 1179 3403 is

127 3430 173 3473 not
186 3439 204 3471 a
217 3420 384 3485 conjunction.
417 3423 466 3486 Cp.
479 3420 521 3472 the
536 3420 632 3473 similar
677 3421 840 3487 explanatory
866 3421 896 3471 οι
927 3420 1092 3471 ‘oertissimae
1123 3417 1178 3469 res!

127 3490 174 3538 but
203 3502 272 3537 more
293 3488 389 3537 violent
415 3487 583 3538 construction
605 3488 631 3537 ln
677 3486 788 3537 These
794 3494 859 3536 most
878 3486 1022 3535 undoubted
1040 3482 1117 3535 iscts'
1136 3501 1179 3536 are

129 3554 211 3617 H.27
212 3560 276 3615 ,ta
288 3552 372 3603 ‘Servi
387 3552 481 3603 transis
513 3561 577 3609 runt.
588 3554 631 3618 qui
678 3551 758 3603 lotha
773 3551 935 3615 subjunctive,
946 3552 1052 3601 beosw
1066 3550 1126 3613 they
1135 3566 1179 3601 are

128 3620 312 3677 nuntiaverunt,
328 3635 352 3668 ι
367 3619 391 3667 d.
408 3618 456 3669 111.
472 3570 577 3671 Ιὲῒιιι.
555 3618 630 3668 Mart.
695 3624 724 3667 ut
739 3616 925 3680 asvievvedby
936 3617 1037 3667 Caesar.
1071 3615 1121 3666 For
1137 3616 1180 3667 the

129 3684 255 3749 proelium
271 3685 304 3733 sd
322 3683 433 3735 Soricsm
450 3683 518 3751 quod
538 3682 630 3734 lactum
677 3633 788 3733 foursold
810 3682 942 3747 repetition
964 3682 995 3731 oi
1017 3680 1115 3747 qaod,’
1137 3697 1178 3747 cp.

129 3758 176 3807 est,
203 3758 431 3837 excotempore
458 3758 631 3799 metumesse
678 3748 842 3811 vii.,.20§1

129 3830 258 3881 magnum,
259 3812 362 3865 ’which
376 3830 413 3864 we
430 3816 516 3865 would
532 3830 632 3880 express
712 3828 765 3863 suo
784 3819 814 3863 et
835 3814 970 3863 civitatis
1004 3811 1073 3863 ‘Suo
1105 3814 1180 3863 refers

184 3882 273 3946 saylog
292 3880 365 3929 ‘that
386 3888 458 3945 great
479 3880 558 3930 alarm
582 3881 632 3930 had
678 3888 705 3931 to
722 3880 842 3941 Caesar,
851 3877 971 3929 civitatis'
985 3884 1013 3927 to
1029 3879 1072 3930 the
1087 3879 1179 3943 Aedui,

130 3946 246 3997 beenielt
256 3948 386 3997 eversuros
395 3946 437 3997 the
463 3946 529 3997 thoi
535 3946 630 4003 March
680 3946 703 3995 ‘l
704 3943 891 4011 psis’perbaps
901 3949 929 3993 to
940 3944 1011 3995 both

131 3960 571 4063 thedateosrhebsttleolmrica:
602 4011 632 4061 ln
711 4015 819 4070 qnod..
830 4016 1034 4071 .soo,ussrstur
1042 4010 1181 4075 ‘bisbeiug

132 4078 193 4127 both
209 4083 336 4129 sentences
354 4092 370 4127 ι
388 4076 506 4143 subject
499 4092 521 4128 ιι
536 4076 631 4128 throvm
678 4074 798 4130 socused’
