2984 4992
158 575 202 623 84.
219 571 247 638 1]
400 571 453 623 DE
474 571 598 624 BELLO
624 571 791 624 GALLICO.
842 572 915 624 ΗΒ.
940 572 973 623 II
1168 581 1210 643 93

100 743 145 798 38
202 733 276 801 Sub
305 755 478 817 vesperum
510 732 634 798 Caesar
659 745 775 818 portas
803 735 921 800 claudi·
943 736 1133 817 militesque
1163 755 1208 800 ex
1222 747 1271 795 and

159 839 286 922 oppido
301 839 393 902 exire
407 839 513 917 iussit,
528 859 570 904 ne
593 858 695 920 quam
718 849 818 903 noctu
839 840 998 922 oppidani
1014 860 1034 904 a
1048 839 1209 904 militibus
1221 817 1376 940 22⁸2?

129 942 310 1006 ainiuriam
326 943 524 1025 acciperent.
572 941 626 1006 Illi
648 951 726 1008 ante
748 943 841 1020 inito,
859 953 896 1007 ut
919 943 1123 1008 intellectum
1147 954 1209 1022 est,
1222 942 1303 1007 night

159 1045 308 1125 consilio,
327 1047 416 1127 quod
440 1047 609 1110 deditione
630 1046 718 1111 iacta
741 1057 873 1111 nostros
899 1047 1064 1130 praesidia
1087 1048 1210 1112 deduc·

160 1156 251 1213 turos
277 1159 336 1213 aut
365 1149 507 1231 denique
535 1149 762 1230 indiligentius
783 1159 970 1214 servaturos
993 1151 1209 1227 crediderant,

160 1253 283 1336 partim
310 1272 385 1316 cum
411 1253 461 1330 iis,
483 1273 571 1335 quae
593 1255 795 1317 retinuerant
821 1262 855 1316 et
880 1252 1075 1331 celaverant,
1097 1253 1210 1334 armis,

161 1357 284 1440 partim
315 1356 416 1421 scutis
444 1377 488 1421 ex
513 1357 634 1420 cortice
659 1356 756 1420 sactis
779 1365 838 1420 aut
863 1357 1040 1421 viminibus
1062 1357 1210 1435 intextis,

161 1480 248 1542 quae
270 1460 391 1535 subito,
414 1471 451 1524 ut
473 1461 632 1544 temporis
654 1461 821 1542 exiguitas
843 1460 1045 1543 postulabat,
1067 1461 1211 1544 pellibus

162 1565 372 1643 induxerant,
388 1565 486 1629 tertia
499 1563 622 1648 vigilia,
637 1583 705 1646 qua
724 1565 861 1629 minime
876 1566 999 1629 arduus
1013 1567 1058 1629 ad
1077 1575 1210 1629 nostras

161 1669 361 1733 munitiones
383 1689 538 1732 ascensus
560 1669 744 1746 videbatur,
768 1669 919 1733 omnibus
943 1669 1046 1752 copiis
1068 1669 1211 1753 repenti-

126 1799 144 1848 3
161 1793 240 1837 nam
261 1793 305 1836 ex
327 1773 452 1854 oppido
469 1772 676 1854 eruptionem
697 1771 854 1836 lecerunt
899 1771 1065 1850 Celeriter,
1081 1784 1117 1837 ut
1133 1783 1211 1837 ante
1224 1788 1296 1852 They
1306 1805 1348 1838 are

161 1873 286 1942 Caesar
309 1877 494 1959 imperarat,
510 1875 643 1960 ignibus
660 1875 901 1960 significatione
922 1876 1011 1940 iacta
1032 1897 1077 1940 ex
1096 1877 1210 1961 proxi·
1223 1853 1342 1968 ffffiffi

125 2012 147 2060 4
163 1982 225 2045 mis
240 1979 384 2044 castellis
399 1999 440 2043 eo
454 2000 650 2044 concursum
666 1989 726 2056 est,
735 1990 988 2063 pugnatumque
999 1980 1044 2044 ab
1058 1979 1210 2045 hostibus
1224 1984 1277 2034 into

162 2086 209 2150 ita
231 2085 350 2149 acriter
367 2094 426 2158 est,
443 2094 480 2148 ut
496 2105 516 2147 a
530 2085 608 2148 viris
628 2083 769 2149 fortibus
789 2085 823 2147 in
845 2093 996 2148 extrema
1015 2105 1075 2166 spe
1097 2085 1212 2150 salutis
1224 2049 1330 2114 ’Μ’

163 2189 277 2272 iniquo
300 2190 375 2254 loco
399 2197 515 2252 contra
541 2209 608 2266 eos,
634 2189 691 2271 qui
718 2207 763 2250 ex
788 2187 877 2252 valio
900 2189 1113 2270 turribusque
1142 2189 1211 2252 tela

163 2293 314 2370 iacerent,
332 2292 472 2374 pugnari
488 2291 612 2369 debuit,
627 2311 704 2356 cum
725 2292 759 2355 in
783 2311 849 2355 una
869 2293 990 2355 virtute
1011 2293 1120 2355 omnis
1135 2313 1212 2376 spes

128 2396 278 2468 ssaiutis
301 2397 503 2460 consisteret.
548 2393 676 2460 Occisis
697 2396 741 2459 ad
764 2395 937 2460 hominum
960 2396 1093 2460 milibus
1116 2406 1212 2478 quat·

127 2513 147 2564 6
164 2511 240 2565 tuor
254 2499 370 2582 reliqui
384 2501 417 2562 in
433 2499 593 2583 oppidum
610 2500 720 2565 reiecti
737 2509 825 2563 sunt.
870 2500 1035 2564 Postridie
1052 2500 1123 2563 eius
1146 2500 1212 2564 diei

163 2605 310 2670 refractis
333 2605 448 2687 portis,
464 2623 539 2668 cum
563 2604 628 2667 iam
651 2602 845 2668 defenderet
867 2623 976 2679 nemo,
991 2613 1092 2686 atque
1114 2604 1211 2669 intro

164 2709 271 2773 missis
287 2708 446 2772 militibus
461 2707 582 2772 nostris
597 2709 778 2774 sectionem
796 2709 867 2772 eius
887 2708 1003 2790 oppidi
1028 2709 1212 2772 universam

128 2841 146 2896 7
165 2812 288 2877 Caesar
302 2812 460 2876 vendidit
505 2811 564 2875 Ab
579 2812 628 2886 iis,
644 2813 701 2894 qui
717 2822 873 2889 emerant,
888 2813 1036 2894 capitum
1057 2831 1213 2878 numerus

163 2917 208 2980 ad
224 2937 300 2979 eum
315 2914 438 2979 relatus
451 2924 503 2979 est
519 2915 645 2979 milium
662 2917 904 2999 quinquaginta
918 2918 1027 2980 trium.

94 3038 148 3096 34
211 3019 340 3082 Eodem
361 3028 510 3101 tempore
531 3039 553 3082 a
574 3019 694 3085 Publio
715 3020 843 3094 Crasso,
859 3040 959 3101 quem
981 3041 1059 3085 cum
1079 3021 1214 3105 legione
1226 3035 1369 3086 successor

165 3143 232 3187 una
247 3124 379 3188 miserat
394 3122 436 3186 ad
453 3122 610 3204 Venetos,
625 3123 794 3204 Venellos,
806 3122 968 3204 Osismos,
985 3123 1213 3204 Curiosolitas‚
1225 3101 1375 3232 mstis

198 3279 243 3326 88.
267 3280 279 3335 ς
305 3291 327 3325 2.
354 3277 512 3324 viminibus
536 3277 667 3338 intextis,
710 3275 775 3326 their
786 3291 861 3326 name
876 3276 903 3326 ln
918 3275 1034 3336 Vanum
1051 3278 1094 3328 the
1105 3276 1214 3338 Venelli,

168 3341 331 3391 ‘viminibus'
347 3340 460 3406 depends
486 3356 518 3389 on
538 3339 668 3405 ‘intextis'
711 3343 769 3391 who
787 3341 864 3406 figure
883 3344 908 3391 in
928 3344 970 3392 tbe
988 3343 1061 3393 MSS.
1075 3359 1103 3392 as
1119 3343 1214 3404 Unelli,

165 3404 398 3456 ‘woveriolosiers'
424 3403 668 3470 Cp.iii.6,§3‘hos·
712 3408 832 3472 occupied
843 3407 886 3457 the
897 3409 1052 3458 Cotentiniu
1066 3407 1214 3458 Mancheor

165 3473 229 3524 tium
240 3470 522 3538 copiisfusissrmisque
533 3471 627 3522 exutis'
711 3474 767 3523 that
845 3473 925 3524 oithe
942 3482 1011 3523 const
1028 3473 1214 3537 ofNonnnndy

200 3541 387 3596 repentinam.
418 3537 492 3588 MSS.
507 3535 668 3602 ‘repentino’
710 3538 761 3587 whi
812 3539 878 3588 laces
898 3538 941 3588 the
963 3538 1075 3589 Cbunnel
1099 3538 1213 3599 Islsnds;

201 3607 215 3662 5
229 3619 251 3667 5.
269 3607 305 3652 sd
316 3605 464 3652 hominum
475 3606 599 3652 milibus.
622 3603 669 3654 See
711 3605 754 3653 the
765 3603 858 3653 Osisml
867 3619 931 3654 were
937 3604 1037 3654 locsted
1047 3605 1073 3653 in
1085 3602 1213 3666 Finistere‚

165 3669 185 3721 i.
200 3683 239 3734 29,
252 3673 265 3728 5
279 3685 292 3718 s
307 3667 434 3718 ‘fuerunt’
711 3668 754 3719 tbe
775 3669 938 3718 Coriosolites
964 3670 990 3718 in
1016 3670 1060 3719 the
1087 3669 1213 3735 sdjolning

202 3735 253 3795 56.
270 3738 425 3784 sectionem
527 3735 668 3798 vendidit,
711 3735 868 3799 department
888 3735 917 3784 oi
939 3735 982 3784 tbe
999 3733 1213 3796 cotenu-Noni,

167 3800 244 3852 ‘sold
261 3801 303 3850 the
325 3799 406 3850 whole
429 3799 459 3848 ol
475 3797 531 3848 that
552 3807 619 3848 town
635 3800 669 3864 by
711 3799 792 3849 where
799 3816 837 3849 we
844 3799 895 3850 find
902 3800 1213 3858 theirusmeinCorseult3

163 3864 286 3916 suction’
319 3866 366 3929 Cp
381 3863 670 3929 ‘annionemvenderess
712 3865 774 3915 both
794 3865 837 3914 tbe
854 3881 928 3916 nsme
944 3865 994 3915 and
1009 3867 1051 3916 the
1066 3867 1175 3932 position
1187 3867 1218 3916 ol

162 3933 221 3985 cie
233 3931 281 3980 Pro
294 3931 419 3994 Quinctio,
433 3932 446 3988 ᾗ
461 3943 498 3995 19.
712 3931 755 3980 the
789 3931 875 3980 Esuvii
914 3947 956 3980 ure
993 3934 1133 3983 nnoertsin:
1177 3931 1214 3981 M.

198 4001 245 4047 ³4.
258 4003 270 4056 5
281 4011 304 4045 ι.
316 4001 448 4054 Venetos,
458 3999 503 4046 tro.
520 3996 576 4046 The
582 3995 670 4046 Veneti
713 3994 855 4060 Desjssdins
865 3996 958 4047 luentes
970 3997 1037 4048 them
1049 3999 1075 4047 in
1086 3998 1153 4049 Ome
1164 3997 1215 4047 and

162 4063 235 4120 lived
246 4063 271 4111 ln
283 4062 325 4112 the
336 4061 478 4126 Morbihsn,
490 4061 541 4112 and
551 4062 614 4114 bsve
624 4062 670 4113 leit
712 4061 755 4114 the
766 4071 827 4113 uest
838 4062 867 4113 of
876 4061 1012 4114 Cslvsdos
1082 4123 1087 4130 .
