2984 4992
165 1468 222 1518 The
232 1467 311 1519 AEdui

166 1534 258 1648 nenlr
269 1533 324 1598 10¹²

166 1599 313 1666 rb.eenemy

335 451 398 515 286
684 463 713 516 c.
738 463 838 516 rom
860 461 1047 516 cssssms
1293 465 1398 532 [543-

336 625 401 690 bus
414 625 467 692 his
481 625 624 691 breviter
638 646 697 691 sua
714 625 749 690 in
764 625 905 691 Aeduos
920 626 1040 692 merita
1054 623 1222 710 exposuit,
1237 627 1348 709 ‘quos
1361 635 1420 692 ets
1478 653 1479 662 ¹

336 749 438 811 quam
453 731 596 794 humiles
616 729 805 814 accepisset,
821 731 1009 815 compulsos
1028 730 1062 794 in
1077 729 1214 814 oppida,
1229 727 1393 795 multatos

336 833 434 916 agris,
448 833 603 899 omnibus
626 833 748 917 ereptis
766 833 880 917 copiis,
898 833 1058 916 imposito
1073 831 1252 916 stipendio,
1268 833 1393 898 obsidi-

336 935 399 1002 bus
409 957 540 1002 summa
551 958 629 1002 cum
639 936 843 1003 contumelia
853 937 1005 1016 extortis,
1016 947 1050 1002 et
1061 956 1162 1021 quam
1175 936 1210 999 in
1221 937 1392 1001 fortunam

334 1060 502 1126 quamque
523 1042 559 1106 in
579 1041 829 1126 amplitudinem
852 1041 1057 1120 deduxisset,
1078 1051 1116 1106 ut
1137 1059 1205 1104 non
1227 1039 1343 1106 solum
1361 1043 1393 1104 in

334 1145 511 1229 pristinum
527 1155 652 1210 statum
663 1146 833 1225 redissent,
844 1145 1066 1211 sodomnium
1079 1154 1271 1228 temporum
1284 1146 1392 1228 digni·
1478 1229 1479 1240 ἵ

335 1258 442 1314 tatem
467 1257 503 1314 et
530 1249 674 1334 gratiam
704 1251 921 1315 antecessisse
946 1246 1154 1314 viderentur!
1210 1249 1279 1312 His
1304 1251 1392 1314 datis

336 1354 505 1418 mandatis
518 1373 577 1418 eos
591 1353 635 1418 ab
649 1373 687 1418 se
701 1354 838 1418 dimisit.

380 1456 616 1522 Nouiodunum
630 1469 701 1523 erat
716 1458 879 1540 oppidum
891 1455 1088 1522 Aeduorum
1100 1456 1185 1522 ad'
1161 1477 1249 1540 npas
1262 1455 1392 1542 Ligeris
1405 1465 1442 1516 55

334 1569 523 1644 opportuno
551 1560 626 1626 loco
656 1561 811 1646 positum.
857 1561 937 1626 Huc
963 1559 1086 1625 Caesar
1111 1579 1229 1625 omnes
1254 1561 1416 1626 obsideri

335 1662 473 1742 Galliae,
495 1665 708 1740 frumentum,
730 1663 903 1750 pecuniam
925 1663 1103 1747 publicam,
1125 1685 1264 1728 suorum
1288 1676 1391 1748 atque

331 1769 498 1834 exercitus
519 1770 834 1852 impedimentorum
853 1789 1009 1853 magnam
1030 1777 1159 1852 partem
1180 1769 1390 1845 contuleram
1478 1775 1479 1830 i

330 1872 397 1937 buc
423 1892 584 1955 magnum
609 1893 782 1938 numerum
809 1892 970 1956 equorum
999 1872 1097 1937 huius
1123 1870 1201 1936 belli
1229 1893 1333 1937 causa
1357 1876 1414 1942 ins

334 1975 434 2040 Italia
447 1987 549 2058 atque
562 1977 728 2059 Hispania
741 1983 910 2042 coemtum
926 1977 1070 2041 miserat.
1101 1975 1154 2040 Eo
1166 1996 1244 2040 cum
1257 1977 1414 2060 Epores

332 2079 433 2144 dorix
461 2079 757 2164 Viridomamsque
785 2080 954 2147 venissent
982 2091 1018 2146 et
1046 2080 1090 2145 de
1119 2088 1209 2144 statu
1244 2081 1388 2146 civitatis

333 2183 575 2267 cognovissent,
590 2183 797 2250 Litaviccum
818 2183 964 2250 Bibracti
985 2185 1029 2250 ab
1050 2183 1181 2250 Aeduis
1201 2193 1386 2267 receptum,

332 2288 424 2369 quod
439 2295 491 2352 est
504 2287 666 2371 oppidum
684 2289 776 2371 apud
795 2308 854 2352 eos
873 2289 1041 2352 maximae
1060 2288 1280 2366 auctoritatis,
1296 2285 1386 2352 Con·

328 2389 547 2456 victolitavim
577 2391 811 2476 magistratum
841 2411 1064 2476 magnamque
1092 2399 1223 2475 partem
1249 2401 1385 2456 senatus

331 2497 467 2560 adeum
486 2495 688 2577 convenisse,
703 2495 832 2578 legatos
850 2495 894 2560 ad
908 2494 1216 2579 Vercingetorigem
1236 2495 1281 2559 de
1301 2515 1384 2580 pace

331 2608 366 2664 et
387 2598 532 2664 amicitia
552 2599 759 2665 concilianda
781 2598 912 2684 publice
935 2600 1063 2678 missos,
1084 2619 1150 2664 non
1173 2600 1385 2682 praetermit-

329 2701 467 2768 tendum
504 2713 636 2768 tantum
673 2705 888 2768 commodum
926 2703 1205 2768 existimaverunt.
1265 2702 1411 2786 ltaques

330 2805 508 2871 interiectis
532 2806 724 2872 Novioduni
754 2807 945 2874 custodibus
971 2807 1096 2892 quique
1121 2828 1162 2872 eo
1189 2808 1386 2891 negotiandi

330 2929 430 2976 causa
451 2920 682 2994 convenerant,
701 2911 875 2995 pecuniam
897 2921 998 2994 atque
1020 2929 1124 2994 equos
1145 2911 1232 2975 inter
1252 2933 1291 2976 se
1310 2933 1387 2995 par·

330 3013 383 3078 titi
410 3022 508 3093 sunt3
542 3015 674 3080 obsides
704 3014 874 3080 civitatum
899 3014 1054 3080 Bibracte
1079 3015 1124 3080 ad
1150 3015 1413 3098 magistratumo

330 3117 545 3183 deducendos
558 3126 776 3197 curaverunt3
798 3118 970 3203 oppidum,
986 3119 1077 3200 quod
1097 3139 1118 3184 a
1137 3138 1174 3183 se
1193 3120 1300 3184 teneri
1315 3139 1412 3195 noni·

329 3241 428 3304 posse
452 3220 653 3299 iudicabant,
674 3241 717 3286 ne
745 3221 798 3285 cui
821 3230 909 3286 esset
934 3223 1009 3285 usui
1032 3222 1203 3296 Romanis,
1226 3223 1385 3290 incende·

329 3333 425 3404 runt;
443 3323 600 3390 frumenti
614 3325 705 3409 quod
719 3325 833 3392 subito
847 3334 1028 3409 potuerunt
1039 3325 1178 3393 navibus
1189 3339 1384 3406 avexerunt,
1396 3343 1409 3391 s

329 3428 492 3512 reliquum
513 3427 650 3493 flumine
671 3439 775 3511 atque
799 3429 951 3495 incendio
973 3440 1199 3513 corruperunt.
1247 3430 1318 3514 Ipsi
1340 3453 1409 3507 exu
1478 3469 1479 3484 ι

328 3530 476 3598 finitimis
489 3529 677 3615 regionibus
691 3532 805 3614 copias
819 3551 947 3615 cogere,
962 3533 1129 3616 praesidia
1145 3535 1383 3620 custodiasque
1478 3543 1479 3636 i

329 3634 422 3699 ad
396 3657 484 3720 ripas
507 3635 633 3719 Ligeris
655 3635 832 3719 disponere
855 3637 1107 3721 equitatumque
1126 3637 1281 3702 omnibus
1304 3639 1381 3704 locis
1478 3689 1479 3704 ι

329 3736 482 3806 iniciendi
495 3739 626 3805 timoris
640 3759 740 3806 causa
759 3749 927 3808 ostentare
946 3749 1136 3824 coeperunt,
1151 3741 1181 3808 si
1198 3743 1245 3808 ab
1266 3763 1303 3808 re
1318 3743 1379 3810 iru-

408 3957 453 4004 bb.
468 3956 482 4014 ς
497 3967 518 4006 ι.
536 3957 749 4008 Noviodunum.
779 3954 1284 4022 Nerenbuedeputmentuiffltne
