2984 4992
317 542 376 626 148
484 539 487 546 '
594 551 596 556 ·
662 551 689 606 c.
715 551 813 605 rruu
836 551 1022 606 caasnnrs
1127 507 1132 522 ’
1265 554 1373 622 [so.1-

316 715 406 800 quod
421 715 492 781 sine
508 714 758 800 impedimentis
773 715 897 782 Caesar
910 715 1059 800 legiones
1074 724 1371 800 transportaverat,

316 821 482 904 optimum
503 821 592 886 factu
611 839 683 886 esse
703 809 884 918 dufflnt
900 820 1081 886 rebellione
1096 821 1186 885 sacta
1203 821 1371 884 frumento
1386 843 1401 876 π

316 935 571 1008 commeatuque
586 935 715 990 nostros
731 924 909 1008 prohibere
931 935 966 989 et
986 945 1056 988 rem
1071 923 1107 988 in
1125 924 1274 988 hiemem
1294 945 1371 1007 pro·

316 1030 447 1108 ducere,
458 1029 548 1112 quod
564 1028 616 1094 his
630 1029 796 1111 superatis
807 1039 866 1094 aut
877 1029 987 1093 reditu
1003 1027 1189 1094 interclusis
1199 1027 1372 1092 neminem

316 1143 433 1217 postea
455 1132 534 1197 belli
554 1131 716 1198 inserendi
739 1153 840 1198 causa
862 1132 897 1196 in
920 1131 1128 1198 Britanniam
1150 1133 1371 1199 transiturum

316 1237 537 1304 confidebant.
585 1237 704 1319 Itaque
722 1257 833 1302 rursus
854 1236 1085 1302 coniuratione
1102 1237 1193 1301 iacta
1206 1235 1371 1319 paulatim
1385 1249 1401 1298 a

317 1361 362 1405 ex
392 1341 508 1407 castris
541 1343 710 1407 discedere
739 1361 779 1407 ac
805 1361 883 1406 suos
909 1341 996 1408 clam
1023 1359 1069 1405 ex
1092 1341 1181 1426 agris
1203 1341 1372 1406 deducere

317 1455 507 1528 coeperunt

361 1549 412 1614 At
435 1549 567 1626 Caesar,
590 1549 651 1614 etsi
675 1551 826 1615 nondum
848 1567 964 1613 eorum
991 1546 1128 1613 consilia
1156 1557 1423 1633 cognoverat&

317 1661 431 1718 tamen
459 1661 565 1718 etex
594 1663 713 1718 eventu
744 1653 880 1719 navium
903 1673 1038 1718 suarum
1064 1661 1100 1716 et
1125 1673 1170 1716 ex
1200 1672 1250 1729 eo,
1277 1653 1371 1737 quod

317 1757 453 1823 obsides
467 1758 548 1821 dare
562 1757 817 1836 intermiserant,
831 1758 902 1823 sore
917 1757 961 1836 id,
972 1758 1065 1840 quod
1079 1756 1211 1836 accidit,
1220 1757 1372 1842 suspica-

317 1862 423 1926 batur.
471 1860 592 1944 ltaque
621 1860 665 1926 ad
695 1882 812 1928 omnes
837 1882 932 1926 casus
961 1861 1112 1927 subsidia
1140 1863 1402 1944 compasabaea

316 1965 406 2030 Nam
423 1973 457 2029 et
472 1963 676 2030 frumentum
692 1985 736 2029 ex
753 1967 843 2050 agris
865 1965 991 2032 cotidie
1006 1966 1040 2030 in
1054 1975 1162 2031 castra
1176 1966 1374 2033 conserebat

316 2077 351 2134 et
370 2088 456 2151 quae
474 2069 666 2152 gravissime
683 2067 829 2135 afflictae
847 2078 942 2134 erant
960 2089 1070 2146 naves,
1094 2089 1209 2134 earum
1229 2071 1375 2136 materia

316 2161 417 2257 eique
439 2192 515 2237 aere
532 2173 576 2237 ad
595 2171 738 2256 reliquas
762 2171 958 2239 reficiendas
979 2174 1137 2238 utebatur
1158 2182 1193 2238 et
1215 2193 1303 2256 quae
1324 2175 1372 2239 ad

316 2297 372 2344 eas
403 2297 454 2342 res
485 2285 578 2342 erant
607 2276 690 2354 usui,
714 2297 759 2341 ex
784 2277 967 2343 continenti
993 2277 1194 2361 comportari
1221 2277 1372 2344 iubebat.

318 2381 446 2465 ltaque,
459 2401 535 2446 curn
557 2401 689 2446 summo
709 2381 823 2447 studio
844 2401 866 2446 a
886 2380 1048 2448 militibus
1069 2381 1402 2460 administraretur,3

316 2497 372 2550 ΧΗ
385 2485 526 2550 navibus
541 2485 680 2563 arnissis,
694 2485 832 2570 reliquis
842 2495 880 2550 ut
891 2485 1041 2571 navigari
1052 2485 1229 2551 commode
1245 2497 1371 2569 posset,

316 2586 436 2653 effecit.

361 2692 453 2756 Dum
490 2713 531 2758 ea
566 2701 734 2776 geruntur,
771 2691 904 2778 legione
944 2713 989 2757 ex
1026 2695 1265 2760 consuetudine
1301 2706 1427 2761 unaue

317 2793 553 2862 frumentatum
580 2798 690 2878 missa,
711 2818 800 2881 quae
822 2796 1057 2881 appellabatur
1081 2798 1237 2883 septima,
1260 2820 1373 2884 neque

317 2897 384 2964 ulla
398 2900 441 2964 ad
457 2900 490 2964 id
509 2909 642 2986 tempus
661 2901 740 2968 belli
761 2901 949 2984 suspicione
971 2901 1176 2986 interposita,
1191 2923 1268 2968 curn
1291 2925 1373 2988 pars

315 3002 489 3068 hominum
505 3003 538 3069 in
554 3005 643 3088 agris
658 3016 853 3085 remaneret,
869 3027 945 3088 pars
961 3006 1063 3071 etiam
1084 3007 1119 3070 in
1138 3017 1246 3072 castra
1260 3010 1372 3074 venti·

316 3115 410 3185 taret,
440 3107 473 3186 ii,
502 3108 560 3191 qui
591 3129 652 3191 pro
683 3111 787 3192 portis
816 3119 998 3176 castrorum
1029 3109 1064 3175 in
1093 3112 1237 3176 statione
1265 3125 1371 3191 erant,

316 3209 450 3276 Caesari
480 3213 714 3279 nuntiaverunt
751 3212 922 3297 pulverem
955 3214 1124 3287 maiorem,
1154 3235 1257 3298 quam
1287 3238 1370 3282 con·

315 3317 457 3382 suetudo
473 3315 581 3396 ferret,
597 3317 631 3381 in
647 3337 687 3382 ea
706 3327 802 3400 parte
816 3317 930 3394 videri,
948 3339 1050 3401 quam
1071 3319 1105 3382 in
1127 3329 1258 3402 partem
1280 3320 1371 3403 legio

315 3421 378 3486 iter
399 3419 540 3486 fecisset.
597 3419 719 3486 Caesar
740 3421 786 3499 id,
807 3423 898 3506 quod
922 3431 1001 3504 erat,
1023 3423 1207 3505 suspicatus
1238 3422 1398 3507 aliquid²

315 3525 393 3590 novi
408 3545 428 3590 a
442 3525 592 3590 barbaris
608 3525 726 3590 initum
742 3525 880 3605 consilii,
892 3525 1054 3601 cohortes,
1064 3545 1151 3608 quae
1165 3527 1199 3590 in
1213 3528 1372 3592 stationi·

316 3631 377 3694 bus
401 3638 505 3708 erant,
527 3649 640 3696 secum
663 3629 696 3693 in
719 3649 794 3693 eam
817 3638 947 3712 partem
969 3628 1143 3712 proficisci,
1165 3648 1211 3694 ex
1232 3630 1370 3714 reliquis

315 3731 398 3796 duas
413 3731 447 3796 in
462 3733 640 3798 stationem
665 3733 818 3798 cohortes
835 3734 1016 3812 succedere,
1031 3731 1175 3816 reliquas
1191 3735 1313 3800 armari
1333 3745 1369 3800 et

316 3833 490 3932 confestim
522 3857 594 3902 sese
630 3835 788 3920 subsequi
826 3836 929 3904 iussit
976 3835 1062 3904 Cum
1099 3838 1200 3921 paulo
1236 3839 1397 3922 lougius3

317 3973 601 4104 ‘Quales-marl,
622 3971 724 4024 middle.
758 3971 807 4038 Cp.
824 3972 858 4023 vi
878 3986 919 4033 21,
938 3978 951 4034 5
971 3987 986 4037 5
1006 3970 1194 4038 ‘perluuntur'z
1216 3975 1259 4026 vii.
1276 3989 1301 4042 5,
1318 3979 1331 4034 i
1351 3986 1367 4041 1
