2984 4992
314 519 378 598 ²7⁶
662 528 691 581 c
716 528 815 579 marr
837 526 1025 581 cassatis
1270 528 1328 594 [ar.
1342 537 1381 593 ⁷-

316 692 498 775 iratresque
512 691 584 757 eius
598 691 643 755 ad
660 689 838 757 Caesarem
852 700 1108 775 praecurrerent.
1148 688 1292 773 Reliqua
1306 709 1378 772 qua

318 796 448 862 ratione
461 796 516 880 ngi
532 795 672 878 placeat,
686 794 902 861 constimunt.

364 899 551 966 Litaviccus
572 909 712 982 accepto
734 898 893 973 exercitu,
915 918 992 965 cum
1014 896 1106 963 milia
1127 916 1287 981 pasnrum
1311 898 1428 965 cir-88

321 1004 404 1069 citer
424 1017 504 1069 xxx
526 1003 571 1069 ab
593 1002 758 1087 Gergovia
778 1004 920 1081 abesset,
935 1002 1127 1068 convocatis
1148 1002 1261 1067 subito
1286 1002 1375 1065 miii-

151 1110 238 1159 osne
320 1108 412 1173 tibus
441 1106 625 1182 lacrimans,
655 1115 744 1190 ‘quo
774 1103 1032 1190 proficiscimur:
1062 1106 1177 1189 inquit,
1206 1106 1404 1170 ‘militesir

151 1190 227 1237 army.
321 1210 441 1276 Omnis
464 1223 577 1276 noster
597 1212 774 1294 equitatus,
797 1212 907 1275 omnis
929 1210 1086 1275 nobilitas
1108 1210 1252 1287 interiit3
1281 1212 1376 1293 prin-

319 1316 410 1398 cipes
443 1315 596 1393 civitatis,
621 1315 834 1398 Eporedorix
868 1326 904 1381 et
931 1314 1167 1391 Viridomarus,
1191 1312 1375 1379 insimulati

321 1418 520 1502 proditionis
543 1420 587 1485 eb
617 1419 779 1483 Romanis
808 1419 933 1485 indicta
962 1438 1064 1483 musa
1092 1416 1255 1482 interiecti
1285 1428 1376 1483 sunt

322 1524 417 1590 Haec
439 1524 483 1589 ab
505 1524 586 1606 ipsis
606 1522 808 1605 cognoscite,
830 1522 886 1605 qui
910 1542 955 1587 ex
977 1522 1051 1605 ipsa
1072 1522 1174 1586 caede
1195 1521 1376 1604 iugerum
1388 1546 1403 1595 3

320 1648 398 1693 nam
414 1647 479 1709 ego
492 1626 648 1693 iratribus
661 1636 764 1710 atque
783 1626 937 1691 omnibus
957 1626 1039 1691 meis
1059 1626 1252 1709 propinquis
1274 1626 1376 1690 inter-

321 1730 417 1796 iectis
442 1730 558 1797 dolore
581 1730 769 1814 prohibeor,
795 1740 1000 1813 quaegesta
1030 1739 1108 1795 sunt
1137 1726 1375 1813 pronuntiare!

323 1833 554 1899 Producuntur
583 1834 615 1912 ii,
645 1854 731 1916 quos
760 1832 817 1897 ille
845 1834 1023 1899 edocuerat
1051 1852 1138 1916 quae
1167 1832 1233 1897 dici
1262 1832 1403 1913 velletr

321 1946 422 2020 atque
450 1937 579 2014 eadem,
606 1956 694 2020 quae
724 1936 915 2002 Litaviccus
953 1938 1231 2019 pronuntiaverat,
1264 1936 1375 2001 multi·

320 2039 431 2105 tudini
453 2050 649 2124 exponunt:
681 2040 828 2122 ‘equites
849 2049 885 2105 et
907 2040 1030 2105 multos
1052 2040 1249 2105 Aeduorum
1273 2040 1401 2111 inter-s

320 2143 434 2220 sectos,
448 2144 540 2226 quod
553 2142 710 2209 collocuti
728 2163 806 2209 cum
820 2142 979 2208 Arvernis
998 2145 1186 2208 dicerentur
1198 2169 1207 2221 3
1231 2144 1326 2225 ipsos
1339 2166 1375 2209 se

320 2248 407 2313 inter
428 2247 675 2313 multitudinem
697 2248 840 2313 militum
866 2247 1049 2313 occultasse
1069 2255 1169 2333 atque
1195 2267 1240 2311 ex
1264 2248 1375 2313 media

321 2352 424 2419 caede
436 2350 575 2436 fugisse?
620 2348 840 2417 Conclamant
861 2350 974 2416 Aedui
992 2360 1026 2416 et
1048 2351 1255 2415 Litaviccum
1279 2352 1401 2416 obse-6
1486 2378 1487 2383 ¹

321 2466 424 2530 crant,
439 2467 477 2520 ut
490 2455 553 2521 sibi
566 2454 728 2521 consulat.
775 2454 899 2538 ‘Quasi
913 2454 1011 2531 vero,'
1026 2454 1135 2538 inquit
1150 2454 1214 2532 ille
1230 2456 1400 2529 ‘cornsiliit

321 2560 366 2625 sit
385 2579 446 2638 res,
459 2579 501 2626 ac
521 2580 590 2625 non
613 2579 748 2625 necesse
770 2558 813 2625 sit
834 2560 931 2624 nobis
947 2557 1147 2643 Gergoviam
1170 2562 1374 2625 contendere

322 2672 456 2727 etcum
479 2662 641 2731 Arvernis
664 2673 796 2729 nosmet
821 2664 1030 2747 coniungere.
1083 2662 1142 2728 An
1169 2663 1401 2736 dubitamuse

322 2768 404 2849 quin
421 2766 545 2833 nefario
560 2768 705 2833 facinore
718 2766 864 2833 admisso
883 2766 1030 2831 Romani
1048 2766 1115 2829 iam
1129 2766 1174 2831 nd
1190 2787 1251 2831 nos
1275 2767 1374 2833 inter-

323 2869 482 2935 ficiendos
502 2876 723 2935 concurrant?
769 2870 922 2943 Proinde.
943 2871 972 2934 si
993 2870 1074 2954 quid
1095 2870 1128 2933 in
1152 2871 1249 2934 nobis
1270 2871 1375 2934 animi

322 2981 383 3049 eut,
398 2992 635 3057 persequamur
648 2992 764 3039 eorum
787 2984 938 3048 mortem,
953 2974 1011 3057 qui
1031 2973 1260 3057 indignissime
1276 2976 1375 3039 inter·

323 3077 442 3156 ierunt,
456 3087 558 3160 atque
572 3076 634 3142 hos
654 3077 801 3143 latrones
815 3074 1068 3143 interficiamus'
1113 3076 1272 3143 Ostendit
1287 3078 1375 3143 cives
1387 3106 1401 3155 9

325 3182 507 3259 Romanos,
520 3182 578 3264 qui
597 3181 666 3246 eius
684 3182 837 3266 praesidii
857 3182 1062 3247 fiduciauna
1079 3190 1192 3259 erant;
1215 3201 1375 3266 magnum

325 3304 498 3354 numerum
513 3285 670 3352 frumenti
680 3294 951 3370 commeatusque
962 3285 1085 3368 diripit,
1097 3285 1188 3367 ipsos
1200 3284 1377 3351 crudeliter

326 3388 535 3457 excruciatos
555 3387 717 3455 interficit
763 3388 908 3455 Nuntios
930 3398 1004 3454 tota
1024 3388 1157 3454 civitate
1179 3388 1377 3455 Aeduorum
1390 3416 1414 3451 ιο

326 3492 474 3571 dimittit,
487 3491 606 3557 eodem
622 3492 797 3558 mendacio
812 3493 855 3558 de
869 3493 971 3557 caede
982 3492 1131 3577 equiturn
1144 3500 1178 3557 et
1190 3492 1375 3577 principum
1486 3550 1487 3553 ,

360 3751 458 3809 8841.
474 3752 679 3801 vindonem.
696 3748 826 3801 menne
909 3748 1049 3801 ‘Claudius
1063 3764 1081 3798 e
1097 3748 1186 3801 Rheno
1207 3749 1327 3803 traiectos
1341 3766 1375 3801 en

327 3812 826 3867 nemeacthetoithechieitaiudaiu
973 3814 1134 3871 enithoroes.

327 3880 362 3942 by
373 3880 411 3929 M.
423 3878 544 3930 Claudius
556 3880 698 3940 Meroeilus,
711 3880 781 3934 when
795 3878 827 3930 he
942 3878 1044 3944 Belgica
1053 3895 1112 3933 cum
1122 3880 1186 3933 ruti
1196 3896 1288 3947 parm
1300 3882 1373 3934 relate

328 3959 385 3996 non
395 3942 439 3995 the
451 3944 550 4009 ‘spolie
560 3943 659 4009 optm’
670 3947 697 3997 in
708 3956 827 3998 scena.
974 3944 1046 3997 ducis

328 4010 477 4075 Propertius,
487 4026 512 4061 r.
524 4022 563 4074 to,
574 4024 690 4077 39-41-
924 4008 1083 4067 vudmert'
