2984 4992
116 559 162 607 00.
174 553 202 621 5]
342 555 396 607 DE
418 555 543 607 emo
567 557 736 609 caturco,
788 558 858 609 ΗΒ.
887 558 939 609 VII
1103 564 1163 629 293

91 715 257 783 2Caesare
276 717 390 800 legato
407 719 451 783 ad
469 738 586 783 omnes
605 729 718 801 partes
739 719 1001 802 opponebantur.
1048 720 1161 785 Helvii

115 841 175 885 sua
195 831 315 904 sponte
335 841 413 886 cum
435 820 583 887 finitimis
605 824 732 907 proelio
754 824 921 907 congressi
943 823 1109 908 pelluntur
1128 824 1161 889 ¹et

118 924 202 989 Gaio
214 925 350 990 Valerio
365 926 594 1004 Donnotauro,
610 925 734 991 Caburi
750 926 828 1004 filio,
845 928 993 1013 principe
1008 929 1160 1004 civitatis,

116 1028 405 1112 compluribusque
426 1030 500 1093 aliis
523 1030 704 1095 interfectis
726 1031 812 1095 intra
836 1032 960 1115 oppida
984 1051 1024 1095 ac
1051 1052 1161 1097 muros

90 1133 364 1217 scompelluntur.
409 1134 613 1219 Allobroges
642 1134 765 1199 crebris
794 1137 837 1199 ad
866 1135 1067 1200 Rhodanum
1093 1138 1160 1201 dis·

116 1238 231 1320 positis
245 1237 415 1322 praesidiis
430 1256 642 1321 magnacum
657 1258 735 1303 cura
750 1249 783 1303 et
799 1239 970 1323 diligentia
990 1260 1066 1304 suos
1079 1238 1161 1306 fines

88 1352 259 1414 4tuentur.
304 1341 436 1419 Caesar,
457 1344 547 1424 quod
572 1340 686 1406 hostes
711 1343 858 1424 equitatu
883 1343 1066 1425 superiores
1088 1364 1161 1408 esse
1174 1358 1308 1408 Muedin-

115 1444 327 1529 intellegebat
341 1455 376 1509 et
393 1444 576 1508 interclusis
592 1445 747 1510 omnibus
767 1446 939 1510 itineribus
960 1446 1051 1511 nulla
1065 1467 1101 1512 re
1115 1468 1159 1513 ex
1172 1422 1315 1551 ffiywd

115 1551 281 1632 provincia
302 1559 402 1632 atque
425 1548 522 1614 Italia
543 1548 707 1613 sublevari
728 1559 869 1633 poterat,
890 1560 980 1615 trans
1003 1549 1159 1616 Rhenum
1174 1553 1281 1617 brougm

115 1653 147 1716 in
164 1651 379 1716 Germaniam
398 1652 501 1716 mittit
520 1654 563 1717 ad
584 1672 641 1716 eas
660 1652 819 1731 civitates,
834 1673 917 1735 quas
937 1654 1161 1736 superioribus
1173 1617 1310 1748 iffi&

115 1758 210 1822 annis
225 1765 409 1841 pacaverat,
424 1755 619 1837 equitesque
633 1756 677 1819 ab
692 1755 745 1819 bis
759 1757 895 1821 arcessit
910 1768 944 1821 et
959 1756 1040 1822 levis
1054 1778 1160 1823 arma·

89 1868 208 1932 sturae
224 1860 363 1943 pedites,
378 1861 434 1942 qui
449 1859 535 1924 inter
549 1880 606 1923 eos
620 1860 776 1942 proeliari
791 1872 995 1926 consuerant.
1034 1862 1161 1927 Eorum

115 1966 270 2040 adventu,
284 1964 374 2045 quod
389 1964 501 2027 minus
519 1963 645 2027 idoneis
666 1963 759 2046 equis
779 1964 965 2044 utebantur,
980 1986 1001 2029 a
1021 1966 1162 2031 tribunis

115 2067 257 2131 militum
284 2066 482 2149 reliquisque
506 2061 581 2153 [sed
607 2064 658 2155 et]
685 2067 850 2149 equitibus
875 2067 1036 2132 Romanis
1061 2079 1162 2153 atque

114 2172 259 2237 evocatis
275 2190 378 2253 equos
393 2171 495 2235 sumit
511 2169 754 2253 Germanisque
767 2171 944 2237 distribuit

62 2282 100 2336 ct
156 2275 298 2354 intereo,
334 2276 415 2338 dum
451 2273 533 2339 haec
570 2285 738 2359 geruntur,
776 2275 923 2340 hostium
963 2276 1081 2359 copiae
1116 2298 1160 2341 ex
1174 2291 1291 2341 Thetwo

117 2377 274 2443 Arvernis
302 2379 506 2463 equitesque,
535 2379 593 2460 qur
623 2380 686 2444 tou
716 2378 968 2444 collacerant
998 2380 1160 2463 imperati,
1172 2358 1310 2471 33⁶2&

91 2483 323 2547 zconveniunt.
367 2484 494 2567 Magno
508 2482 629 2548 horum
647 2492 763 2548 coacto
782 2502 931 2560 numero,
946 2503 1021 2548 curn
1038 2482 1161 2548 Caesar
1171 2501 1220 2537 one

116 2585 147 2648 in
170 2586 344 2670 Sequanos
365 2606 425 2673 per
446 2596 616 2651 extremos
632 2586 821 2671 Lingonum
842 2586 923 2651 fines
946 2586 1008 2650 iter
1028 2585 1159 2665 faceret,
1172 2552 1282 2603 moun.

115 2708 180 2771 quo
203 2690 333 2756 facilius
357 2690 539 2755 subsidium
569 2691 757 2774 provinciae
785 2690 859 2754 lerri
889 2700 1011 2773 posset,
1035 2690 1162 2755 circiter

90 2793 204 2864 nmilia
229 2813 388 2877 passuum
415 2794 529 2859 decern
555 2795 599 2858 ab
626 2794 789 2859 Romanis
819 2793 913 2859 trinis
942 2795 1055 2857 castris
1078 2794 1161 2860 Ver·
1174 2808 1273 2872 conge
1285 2809 1314 2857 οι

114 2898 298 2979 cingetorix
312 2896 464 2961 consedit
478 2898 735 2980 convocatisque
744 2898 792 2962 ad
801 2898 975 2963 concilium
988 2898 1162 2981 praesectis
1174 2874 1305 2989 {ff

114 3001 262 3082 equitum
277 3000 406 3065 venisse
425 3010 558 3085 tempus
571 3000 730 3066 victoriae
750 3002 965 3066 demonstrat.
1013 3001 1161 3085 ‘Fugere
1173 3003 1323 3068 hiswulry

89 3102 148 3173 4in
162 3103 368 3187 provinciam
385 3104 557 3169 Romanos
572 3102 748 3188 Galliaque
763 3106 935 3170 excedere.
980 3104 1019 3170 Id
1039 3104 1099 3168 sibi
1116 3106 1159 3169 ad
1172 3070 1273 3121 offioen.

115 3217 321 3287 praesentem
336 3207 554 3273 obtinendam
569 3207 757 3272 libertatem
773 3208 853 3273 satis
871 3226 943 3272 esse
956 3230 963 3287 ;
986 3208 1030 3273 ad
1045 3208 1161 3291 reliqui

115 3312 273 3394 temporis
293 3330 410 3394 pacem
430 3323 532 3395 atque
553 3312 660 3376 otium
682 3331 800 3397 parum
822 3310 958 3395 prolici;
983 3310 1160 3375 maioribus

116 3414 200 3478 enim
216 3415 341 3480 coactis
361 3416 465 3498 copiis
485 3435 670 3479 reversuros
689 3434 798 3498 neque
817 3414 917 3479 finem
933 3412 1076 3479 bellandi
1092 3413 1159 3477 fac·

91 3524 213 3583 sturos
241 3517 384 3582 Proinde
395 3517 531 3600 agmine
545 3518 722 3602 impeditos
736 3517 954 3583 adorirentur.
982 3515 1019 3581 Si
1031 3517 1160 3601 pedites

116 3621 180 3685 suis
204 3621 369 3686 auxilium
392 3622 498 3685 ferant
520 3631 621 3704 atque
647 3623 681 3685 in
705 3642 746 3685 eo
773 3632 949 3698 morentur,
972 3621 1033 3685 iter
1055 3619 1161 3685 lacere

116 3742 180 3789 non
201 3743 318 3810 posse;
342 3724 380 3805 si,
399 3724 433 3789 id
455 3726 545 3809 quod
569 3725 674 3809 magis
696 3724 843 3789 futurum
865 3723 1021 3804 confidat,
1039 3724 1160 3789 relictis

118 3861 178 3936 ιιι).
211 3862 319 3914 Hem
332 3860 612 3939 romerelatlontothe
696 3865 746 3920 δι.
759 3863 1158 3938 Galovslorlononnotsuro.

117 3924 227 3977 (lucrator.
272 3927 323 3978 His
343 3942 388 3977 son
409 3926 501 3992 figures
521 3942 547 3977 ιιι
570 3927 613 3977 the
663 3927 768 3977 Brother
781 3935 809 3977 to
821 3927 901 3977 Gon
913 3926 1026 3979 Velenus
1040 3928 1162 3979 Procillus

117 3990 253 4123 §mg
264 3993 293 4057 (i.
305 3994 330 4055 8,
343 3996 357 4055 9
370 3994 397 4057 a)
412 4008 445 4043 oo
459 3992 503 4044 the
517 3992 571 4044 side
586 3992 616 4043 ol
663 3993 692 4057 (i.
705 4006 742 4060 19,
758 3994 772 4053 9
785 4008 807 4057 3,
820 3992 888 4059 dte).
