2984 4992
328 488 391 549 290
676 478 705 531 c
729 476 826 531 tutu
848 476 1038 529 cassinis
1276 475 1339 543 [so.
1351 492 1387 539 ⁴—

329 642 434 709 trrbus
454 640 642 725 legionibus
665 661 742 707 eum
772 640 883 717 locum
913 640 1009 725 petit,
1032 659 1101 724 quo
1128 656 1230 706 naves
1259 634 1385 721 appelli

329 746 477 820 iusserat

375 850 429 915 Eo
448 870 525 915 curn
545 858 634 916 meet
646 860 794 925 veritum,
810 848 1040 935 exploratores
1058 846 1214 921 hostiurn,
1230 854 1269 911 ut
1288 844 1383 909 omui
1396 848 1432 902 ⁶1

329 953 475 1021 fluminis
497 965 594 1039 parte
615 963 711 1021 erant
731 954 896 1038 dispositi,
910 953 1129 1037 inopinantes,
1144 952 1235 1036 quod
1257 968 1384 1033 magua

329 1059 442 1124 subito
467 1070 539 1125 erat
563 1072 678 1125 coorta
702 1066 896 1143 tempestas,
916 1057 961 1123 ab
985 1056 1108 1123 nostris
1130 1056 1385 1140 opprimuntur;

329 1163 498 1229 exercim
512 1162 744 1247 equitatusque
758 1163 925 1246 equitibus
941 1160 1103 1230 Romanis
1122 1158 1384 1225 administranti·
1398 1170 1411 1203 ²

330 1265 402 1343 bus,
419 1286 504 1349 quos
525 1267 556 1331 ei
578 1267 715 1349 negotio
735 1264 948 1349 praefecerat,
968 1263 1117 1329 celeriter
1137 1263 1383 1329 transmittitur.

331 1368 412 1437 Uno
447 1370 514 1435 iere
548 1379 701 1454 tempore
729 1369 793 1435 sub
823 1368 932 1435 lucem
960 1366 1111 1433 hostibus
1140 1366 1319 1444 nrmtiatur,
1348 1368 1412 1431 ins

330 1474 447 1539 castris
470 1473 697 1539 Romanorum
720 1482 853 1556 praeter
875 1472 1150 1539 consuetudinem
1180 1470 1387 1549 tumultuari,

330 1586 366 1641 et
385 1596 545 1659 magnum
565 1577 613 1641 ire
634 1596 756 1663 agmen
778 1576 920 1642 adverso
938 1574 1073 1641 flumine
1095 1575 1310 1659 sonitumque
1332 1594 1386 1639 re-

330 1700 462 1745 morum
484 1682 518 1745 in
540 1682 658 1746 eadem
680 1690 776 1766 parte
799 1679 950 1747 exaudiri
974 1687 1009 1743 et
1028 1678 1129 1762 paulo
1150 1678 1235 1743 inira
1259 1678 1386 1743 milites

328 1783 467 1850 navibus
481 1784 707 1869 transportari.
751 1783 884 1869 Quibus
898 1783 997 1849 rebus
1014 1783 1145 1859 auditis
1160 1782 1250 1865 quod
1265 1782 1414 1847 existi-4

330 1886 469 1951 mabant
488 1887 594 1953 tn'bus
613 1888 695 1955 locis
716 1888 856 1953 transire
879 1886 1027 1971 legiones
1048 1895 1149 1970 atquc
1170 1906 1287 1949 omnes
1308 1906 1385 1969 per-

331 1988 481 2055 turbatos
491 1990 677 2055 defectione
688 1989 884 2058 Aeduorum
895 1990 1010 2075 sugam
1025 2010 1151 2073 parare,
1161 2008 1238 2054 suas
1250 2010 1386 2073 quoque

331 2093 445 2176 copias
470 2092 505 2158 in
532 2102 599 2159 tres
623 2106 736 2179 partes
764 2094 1011 2161 distribuerunt.
1057 2092 1147 2157 Nam
1173 2093 1341 2177 praesidio
1365 2108 1412 2156 es

331 2196 467 2281 regione
489 2207 674 2263 castrorum
702 2198 818 2265 relicto
842 2208 877 2265 et
903 2218 1005 2282 parva
1031 2217 1132 2263 manu
1156 2197 1384 2263 Metiosedum

330 2320 446 2365 versus
466 2302 576 2377 missa,
591 2322 678 2384 quae
692 2312 823 2369 tantum
845 2302 1084 2386 progrediatur,
1100 2310 1261 2383 quantum
1283 2322 1385 2367 naves

332 2404 580 2487 processissent,
591 2404 734 2488 reliquas
747 2405 862 2489 copias
876 2413 994 2471 contra
1005 2404 1191 2471 Labienum
1206 2404 1385 2471 duxerunt.

166 2521 314 2573 Hedw
378 2507 490 2573 Prima
520 2508 593 2574 luce
627 2516 663 2572 et
693 2508 799 2573 nostri
827 2528 941 2575 omnes
969 2516 1062 2576 mant
1091 2508 1322 2591 transportati,
1350 2518 1386 2573 et
1402 2520 1441 2573 ti

164 2587 315 2717 ffiffl
334 2610 482 2677 hostium
499 2613 587 2677 acies
607 2612 811 2678 cernebatur.
855 2610 1024 2679 Labienus
1042 2612 1163 2677 milites
1183 2610 1411 2690 cohortatus:

164 2719 265 2771 cm.
335 2723 374 2779 ut
384 2718 392 2746 ‘
402 2734 482 2780 suae
498 2716 656 2798 pristinae
667 2716 800 2783 uirtutis
814 2724 849 2779 et
863 2715 1173 2781 secundissimorum
1185 2714 1386 2799 proeliorum

332 2818 511 2883 retinerent
526 2818 723 2883 memoriam
737 2826 841 2901 atque
854 2818 962 2905 ipsum
980 2818 1164 2895 Caesarem,
1175 2819 1268 2883 cuius
1282 2822 1385 2885 ductu

333 2941 571 3005 saepenumero
611 2922 723 2987 hostes
765 2930 986 3005 superassent,
1024 2932 1230 3008 praesentem
1269 2926 1388 2991 adesse
1477 2922 1478 2957 ³

333 3021 585 3101 existimarent,'
606 3025 666 3091 dat
691 3025 822 3110 siguum
849 3026 974 3110 proelii
1020 3026 1131 3091 Primo
1155 3045 1318 3095 concursu
1342 3030 1412 3093 aba

332 3130 455 3195 dextro
475 3150 587 3207 comu,
605 3130 663 3195 ubi
685 3132 829 3215 septima
850 3130 939 3216 legio
961 3132 1165 3209 constiterat,
1179 3129 1293 3197 hostes
1316 3133 1386 3216 pel·
1477 3190 1478 3217 ,

334 3233 445 3299 luntur
469 3245 570 3317 atque
595 3234 630 3299 in
655 3233 770 3319 sugam
797 3236 1020 3311 coniciuntur;
1051 3234 1095 3298 ab
1119 3234 1261 3313 sinistro,
1284 3256 1411 3320 quemi

333 3337 444 3403 locum
460 3338 659 3405 duodecima
673 3338 763 3421 legio
783 3340 929 3418 tenebat,
944 3359 1020 3407 cum
1041 3338 1139 3422 primi
1159 3339 1292 3405 ordines
1308 3340 1384 3407 hos·

333 3442 419 3506 tium
441 3440 593 3505 transfixi
612 3441 688 3507 telis
709 3442 942 3520 concidissent,
956 3452 1069 3507 tamen
1089 3442 1247 3511 acerrime
1267 3442 1383 3528 reliqui

334 3545 540 3624 resistebant,
549 3564 609 3612 nec
624 3545 728 3610 dabat
742 3545 963 3632 suspicionem
978 3544 1077 3628 fugae
1090 3547 1277 3631 quisquam.
1309 3547 1407 3633 Ipset

335 3648 406 3713 dux
421 3648 568 3713 hostiurn
584 3646 829 3733 Camulogenus
849 3651 917 3715 suis
936 3652 1052 3717 adeat
1071 3660 1172 3734 atque
1192 3671 1250 3717 eos
1270 3650 1382 3717 cohor-

367 3836 834 3897 01.rs·nrom‹u·ur·..nro-
886 3834 1378 3901 cannamomum...

335 3901 493 3949 munus.
528 3898 835 3967 Kimnteebwpro
885 3897 982 3967 possit-¹
1477 3902 1478 3931 ¹

334 3960 493 4031 graderetur)
516 3964 836 4035 Forthemisedsequense
