2984 4992
107 508 185 574 ιη]
332 509 386 559 bs
408 508 533 559 sezzo
556 507 723 560 eramo.
776 508 845 561 trs.
875 509 927 559 νιι
1097 514 1157 578 257

109 670 317 755 expeditiore
339 692 374 735 re
397 669 609 737 frumentaria
627 680 782 750 uteretur,
797 690 991 755 oppugnare
1015 672 1159 737 instituit

83 774 206 856 aidque
227 775 332 839 biduo
351 773 630 852 circumvallavit3
653 776 752 839 tertio
774 775 829 839 die
848 775 957 841 missis
972 795 1017 839 ex
1031 776 1160 859 oppido

108 878 224 961 legatis
256 879 300 943 de
328 878 498 943 deditione
527 898 619 943 mma
648 876 797 957 conferri,
827 880 974 943 iumenta
1011 878 1158 962 produci,

82 982 423 1054 3sescentosobsides
437 981 508 1046 dari
529 982 630 1045 iubet.
675 980 727 1045 Ea
741 983 800 1064 qui
821 981 1007 1059 conficeret,
1022 981 1060 1047 C.
1077 982 1158 1046 Tre·

108 1087 245 1149 bonium
264 1085 413 1168 legatum
433 1084 599 1167 relinquit.
645 1084 722 1166 Ipse
741 1080 795 1173 [ut
814 1106 915 1169 quarn
938 1087 1081 1170 primum
1097 1085 1280 1160 itercspture
1292 1094 1322 1145 ot

81 1182 243 1274 4saceret]
282 1186 460 1253 Genabum
497 1186 682 1253 Camutum
719 1188 954 1272 proficiscitur;
991 1189 1048 1271 qui
1086 1197 1159 1253 tum
1171 1160 1275 1212 Genabu
1260 1176 1310 1210 ¹¹'¹¹¹

108 1292 253 1375 primum
280 1289 383 1355 allato
412 1292 529 1355 nuntio
554 1291 597 1354 de
627 1294 877 1375 oppugnatione
905 1292 1159 1367 Vellaunoduni,

108 1415 183 1460 cum
214 1395 345 1477 longius
373 1415 448 1459 eam
473 1416 542 1459 rem
569 1396 707 1460 ductum
734 1396 773 1459 iri
799 1396 1037 1471 existimarent,
1065 1416 1159 1479 prae·

108 1500 229 1563 sidium
255 1496 382 1563 Genabi
405 1498 522 1562 tuendi
546 1518 655 1583 causa,
680 1500 773 1582 quod
800 1520 842 1565 eo
867 1500 1042 1577 mitterent,
1068 1520 1159 1565 com·

81 1601 279 1685 sperabant.
325 1601 403 1665 Huc
420 1600 522 1667 biduo
543 1602 703 1683 pervenit.
749 1601 876 1669 Castris
899 1614 976 1667 ante
999 1603 1160 1686 oppidum

108 1705 236 1789 positis,
266 1705 333 1769 diei
362 1716 516 1788 tempose
542 1704 698 1769 exclusus
728 1707 762 1769 in
794 1716 963 1790 posterum
988 1726 1160 1789 oppugna-

108 1811 236 1873 tionem
257 1808 369 1874 dill'ert
390 1828 543 1891 quaeque
563 1810 606 1873 ad
629 1830 704 1873 eam
727 1830 796 1875 rem
817 1812 891 1875 usui
914 1810 980 1873 sint
1003 1810 1160 1877 militibus

79 1912 252 1997 simperat
279 1920 323 1988 et,
353 1912 444 1995 quod
480 1912 643 1996 oppidum
683 1911 857 1977 Genabum
895 1934 978 1997 pons
1014 1914 1162 1978 fluminis

110 2015 240 2101 Ligeris
270 2016 472 2094 continebat,
496 2016 631 2094 veritus,
656 2035 699 2079 ne
727 2026 829 2081 noctu
860 2037 904 2081 ex
930 2017 1056 2100 oppido
1085 2038 1160 2101 pro-

83 2122 268 2205 tlugerent,
283 2120 367 2185 duas
383 2120 529 2204 legiones
548 2120 580 2184 in
595 2119 697 2183 armis
720 2120 886 2184 excubare
905 2120 1007 2185 iubet.
1051 2120 1161 2185 Gena-

110 2224 229 2289 benses
255 2224 356 2306 paulo
381 2234 461 2289 ante
485 2224 630 2288 mediam
656 2233 789 2288 noctem
813 2222 943 2289 silentio
967 2244 1012 2289 ex
1036 2225 1164 2307 oppido

83 2330 232 2410 segressi
251 2326 373 2392 flumen
391 2328 531 2391 transire
550 2336 741 2410 coeperunt.
787 2326 865 2411 Qua
881 2348 915 2391 re
929 2346 990 2409 per
1006 2327 1160 2410 explora-

109 2441 197 2497 tores
211 2432 364 2495 nuntiata
381 2431 504 2496 Caesar
523 2429 681 2513 legiones,
696 2450 780 2514 quas
803 2430 979 2512 expeditas
998 2449 1071 2494 esse
1093 2430 1160 2493 ius-

109 2544 203 2612 serat,
228 2535 334 2617 portis
360 2533 500 2599 incensis
529 2532 718 2597 intromittit
747 2543 851 2615 atque
880 2533 1003 2615 oppido
1033 2533 1161 2617 potitur

109 2639 284 2723 perpaucis
306 2658 351 2701 ex
377 2637 522 2702 hostium
549 2656 688 2700 numero
710 2635 916 2711 desideratis,
937 2636 1017 2719 quin
1047 2637 1159 2701 cuncti

108 2752 314 2824 caperentur,
332 2744 422 2823 quod
445 2742 557 2823 pontis
571 2748 673 2821 atque
688 2740 842 2804 itinerum
858 2740 1031 2822 angustiae
1046 2739 1160 2804 multi·

81 2846 233 2923 9tudinis
263 2845 376 2927 lugam
406 2842 664 2909 intercluserant.
719 2842 894 2926 Oppidum
918 2844 1033 2928 diripit
1059 2854 1161 2927 atque

110 2951 268 3025 incendit,
290 2949 448 3032 praedam
476 2946 637 3011 militibus
661 2946 772 3024 donat,
795 2946 979 3011 exercitum
1005 2947 1161 3033 Ligerem

108 3054 255 3119 traducit
269 3063 371 3135 atque
385 3052 419 3114 in
436 3050 622 3134 Biturigum
638 3049 721 3114 fines
735 3052 897 3133 pervenit.

61 3165 96 3221 1a
152 3156 423 3240 Vercingetorix,
451 3155 508 3219 ubi
546 3156 590 3218 de
627 3153 777 3219 Caesaris
814 3157 960 3220 adventu
998 3155 1162 3239 cognovit,
1173 3168 1302 3219 Noviodu

109 3262 361 3346 oppugnatione
376 3258 505 3324 destitit
520 3268 620 3343 atque
634 3258 767 3322 obviam
785 3256 917 3322 Caesari
932 3257 1159 3355 proficiscitur.
1171 3250 1306 3351 {ffiffi

82 3364 170 3428 aIlle
194 3366 358 3449 oppidum
384 3362 570 3444 Biturigum
600 3361 746 3446 positum
776 3362 809 3425 in
837 3362 892 3425 via
921 3348 1158 3425 Noviodunum
1171 3366 1301 3483 sunendtper

81 3489 306 3554 goppugnare
331 3468 527 3531 instituerat.
572 3464 651 3549 Quo
673 3486 719 3530 ex
741 3464 869 3549 oppido
892 3484 967 3529 cum
991 3464 1093 3548 legati
1115 3448 1195 3530 adw
1172 3432 1312 3562 ,,,,,,,,ξς

108 3592 184 3637 eum
207 3572 377 3637 venissent
396 3579 538 3645 oratum,
553 3579 590 3634 ut
611 3569 674 3633 sibi
696 3568 882 3651 ignosceret
904 3586 1049 3649 suaeque
1071 3568 1159 3632 vitae
1171 3563 1303 3628 Vercrnga

109 3676 308 3753 consuleret,
337 3684 375 3738 ut
409 3673 575 3738 celeritate
612 3672 753 3755 reliquas
791 3690 842 3735 res
879 3669 1064 3749 conficeret,
1094 3692 1161 3755 qua
1173 3629 1265 3752 me

144 3811 195 3889 56.
212 3812 389 3870 oontlmbst,
402 3805 549 3872 ‘jssadolncd
576 3806 611 3859 So
660 3808 747 3857 makes
766 3805 913 3857 itSancerre
928 3822 961 3857 on
976 3807 1018 3858 the
1034 3808 1079 3859 leit
1095 3808 1162 3859 bank

109 3878 164 3929 ini.
177 3879 283 3941 58,55
662 3872 951 3925 olthelolreinCher.

142 3946 184 3993 12
207 3949 221 4002 5
243 3939 611 3993 s.1tovlodunum.'l'be
695 3942 745 4001 55.
762 3940 913 3990 eeleritate.
943 3938 1095 3990 ‘eeleritate'
1105 3941 1162 3992 here

109 4008 239 4071 locality
231 4022 255 4057 rs
273 4006 397 4057 doubtful
424 4006 559 4072 Napoleon
570 4006 612 4055 111
661 4004 815 4056 stmdslor‘
823 4003 1002 4057 eaoeleritate.⁸

151 4090 197 4132 Η·
622 4102 641 4153 5
