2984 4992
123 562 178 609 44.
192 557 221 625 a]
363 558 418 611 DE
438 560 562 613 BELLO
588 560 758 615 GALLICO.
810 562 882 615 LIB.
911 564 965 617 VII
1126 574 1187 637 279

122 720 305 785 tribunum
325 720 478 803 militum,
493 722 557 788 iter
573 724 618 789 ad
638 723 804 809 legionem
825 724 1001 793 facientem
1020 724 1088 791 fide
1105 727 1187 794 data

124 844 175 886 ex
200 824 325 908 oppido
346 825 522 892 Cabillono
539 828 706 908 educunt;
728 828 818 893 idem
840 829 948 894 facere
970 842 1095 915 cogunt
1116 852 1184 912 eos,

88 928 186 1009 oqui
204 928 398 1011 negotiandi
418 950 519 995 causa
541 932 586 995 ibi
606 931 835 999 constiterant
882 934 957 998 Hos
974 936 1132 1001 continuo
1150 936 1183 999 in

120 1032 367 1098 itinereadorti
379 1035 534 1100 omnibus
542 1034 790 1119 impedimentis
802 1047 1185 1123 exuunt;repugnantes

120 1135 223 1200 diem
247 1147 447 1220 noctemque
472 1138 647 1218 obsident3
677 1140 792 1208 multis
813 1141 979 1223 utrimque
1004 1141 1185 1207 interfectis

121 1240 293 1303 maiorem
308 1240 557 1307 multitudinem
571 1252 775 1312 armatorum
789 1245 965 1309 concitant.

61 1354 106 1407 43
170 1343 315 1408 Interim
334 1345 451 1411 nuntio
472 1344 582 1425 allato,
597 1365 714 1413 omnes
734 1366 850 1411 eorum
874 1348 995 1413 milites
1018 1347 1051 1411 in
1072 1358 1182 1433 potes·
1195 1357 1321 1421 reprsren

119 1456 199 1511 tate
220 1446 373 1513 Caesaris
391 1451 506 1529 teneri,
521 1459 718 1515 concurrunt
739 1451 785 1514 ad
808 1450 982 1528 Aristium,
996 1450 1075 1516 nihil
1097 1422 1304 1552 pub-Q

91 1576 104 1609 ι
121 1551 193 1615 lico
210 1548 336 1617 factum
351 1553 489 1619 consilio
504 1554 755 1631 demonstrant;
779 1556 1010 1637 quaestionem
1026 1557 1070 1619 de
1084 1556 1181 1621 bonis
1195 1552 1250 1603 that
1261 1552 1326 1631 meir

119 1653 270 1737 direptis
284 1656 476 1733 decernunt,
492 1657 653 1723 Litavicci
669 1658 873 1740 fratrumque
892 1660 981 1724 bona
999 1659 1181 1743 publicant,
1195 1633 1335 1735 {fflsm

90 1780 106 1827 s
120 1758 259 1841 legatos
274 1762 318 1825 ad
333 1760 511 1826 Caesarem
526 1761 576 1830 sui
591 1763 756 1846 purgandi
771 1764 880 1844 gratia
895 1762 1043 1828 mittunt.
1086 1764 1182 1829 Haec
1195 1764 1285 1815 power.

119 1862 253 1927 faciunt
268 1866 569 1949 recuperandorum
587 1885 722 1930 suorum
741 1886 864 1944 causa;
886 1868 947 1932 sed
965 1868 1182 1939 contaminati

119 1965 274 2031 facinore
294 1978 328 2032 et
350 1968 440 2052 capti
461 1969 661 2056 compendio
683 1989 728 2033 ex
750 1969 890 2053 direptis
911 1970 1015 2050 bonis,
1030 1972 1121 2055 quod
1143 1991 1182 2035 ea

121 2093 176 2139 res
191 2073 238 2137 ad
258 2071 382 2139 multos
395 2072 592 2157 pertinebat,
607 2074 724 2139 timme
738 2092 868 2155 poenae
882 2074 1032 2139 exterriti
1047 2074 1184 2143 consilia

123 2177 213 2242 clam
236 2175 281 2239 de
303 2175 392 2240 bello
412 2176 495 2241 inire
512 2176 673 2260 incipiunt
692 2177 910 2259 civitatesque
928 2177 1071 2261 reliquas
1091 2176 1181 2260 lega·

92 2283 276 2350 stionibus
296 2280 487 2345 sollicitant.
532 2279 631 2364 Quae
656 2281 789 2349 tametsi
810 2279 932 2345 Caesar
956 2280 1182 2364 intellegebat,

122 2397 240 2452 tamen
262 2404 365 2468 quam
386 2384 560 2452 mitissime
578 2394 691 2469 potest
708 2384 837 2467 legatos
855 2382 1019 2468 appellat:
1043 2384 1124 2448 nihil
1145 2406 1181 2449 se

122 2501 262 2575 propter
283 2488 489 2556 inscientiam
511 2488 748 2571 levitatemque
769 2486 860 2571 vulgi
883 2487 1015 2571 gravius
1037 2488 1080 2551 de
1103 2486 1181 2551 civi·

122 2603 196 2658 tate
225 2594 372 2659 iudicare
409 2612 517 2676 neque
546 2595 591 2658 de
618 2613 678 2657 sua
708 2594 742 2655 in
774 2591 912 2657 Aeduos
948 2589 1181 2656 benevolentia

96 2698 327 2762 sdeminuere
372 2696 451 2780 Ipse
473 2697 630 2768 maiorem
659 2695 787 2760 Galliae
813 2704 942 2761 motum
969 2703 1179 2777 exspectans,
1192 2710 1285 2788 Caesar

124 2821 166 2864 ne
203 2802 249 2867 ab
287 2799 441 2865 omnibus
478 2800 665 2865 civitatibus
701 2798 1003 2875 circumsisteretur,
1041 2797 1179 2863 consilia
1190 2776 1320 2892 ἔξω

123 2905 238 2985 inibat,
253 2904 538 2988 quemadmodum
561 2904 604 2969 ab
622 2903 787 2988 Gergovia
807 2903 992 2969 discederet
1007 2922 1047 2968 ac
1068 2923 1177 2967 rursus
1189 2907 1254 2983 non
1291 2924 1328 2959 er·

125 3030 259 3075 omnem
290 3010 472 3077 exercitum
505 3007 723 3083 contraheret,
754 3026 797 3072 ne
826 3007 987 3091 profectio
1017 3016 1096 3076 nata
1132 3008 1176 3071 ab
1188 2988 1269 3038 W

126 3116 244 3179 timore
266 3112 460 3177 defectionis
482 3111 597 3180 similis
618 3110 716 3195 fugae
738 3112 913 3183 videretur.

66 3228 109 3284 44
171 3219 269 3283 Haec
299 3216 460 3301 cogitanti
492 3216 643 3281 accidere
670 3215 741 3280 visa
770 3224 822 3279 est
850 3214 988 3279 facultas
1018 3213 1104 3277 bene
1130 3210 1176 3275 rei
1188 3212 1303 3263 whenan

125 3324 299 3406 gerendae.
343 3321 434 3385 Nam
456 3340 531 3390 cum
552 3320 586 3383 in
606 3319 737 3382 minora
756 3328 862 3385 castra
884 3316 994 3400 operis
1017 3280 1347 3398 perspici·l'gsspfferttissngty

124 3427 198 3491 endi
212 3444 314 3493 musa
328 3424 478 3499 venisset,
494 3422 729 3487 animadvertit
751 3421 880 3500 collem,
894 3420 951 3503 qui
966 3418 1009 3483 ab
1023 3418 1175 3483 hostibus
1187 3418 1300 3526 ffim

123 3532 310 3605 tenebatur,
332 3529 494 3592 nudatum
516 3526 714 3605 hominibus,
732 3524 790 3610 qui
814 3523 1032 3611 superioribus
1058 3521 1176 3587 diebus

99 3634 180 3697 nvix
193 3654 276 3717 prae
295 3630 509 3697 multitudine
529 3631 617 3695 cerni
640 3638 781 3713 poterat.
827 3626 1023 3693 Admiratus
1048 3625 1177 3709 quaerit

158 3798 215 3857 55·
239 3796 398 3846 Oeblllono.
461 3790 623 3844 chalon-sur·
672 3806 817 3855 supremaey
840 3798 868 3841 to
883 3786 1092 3854 Augustodunum
1112 3784 1175 3852 (Au-

125 3856 516 3911 Sanneinthemnneetbotre
533 3856 623 3907 Strabo
673 3858 737 3919 tun).

124 3924 211 3985 speaks
228 3926 258 3975 of
278 3927 299 3976 it
315 3941 344 3975 ns
361 3925 404 3975 the
423 3940 453 3974 cs
470 3922 516 3973 ital
536 3922 565 3972 of
581 3922 624 3973 the
705 3924 783 3971 idem
799 3922 899 3972 facere.
940 3918 1049 3983 Loosely
1066 3923 1113 3985 put
1135 3916 1174 3966 for

125 3988 204 4040 Aedui
216 3992 262 4055 (lv.
274 4006 298 4057 3,
312 3988 371 4056 tn).
404 3989 448 4039 Me
485 3988 532 4054 (iii.
545 3990 559 4047 l
574 3991 624 4049 πο),
673 3986 827 4053 ‘exoppldo
837 3984 973 4037 Cabillono
984 3982 1065 4036 exire)

125 4053 223 4121 vritiug
237 4072 254 4108 n
269 4056 337 4107 little
352 4056 426 4119 luter,
442 4054 558 4107 naute·
573 4053 624 4105 this
