2984 4992
332 592 374 655 34
679 582 707 637 c
733 585 831 637 rum
853 582 1042 639 cassam
1279 583 1336 651 [se
1350 596 1386 647 5-

165 757 214 807 aud
227 772 277 809 sur·
333 746 541 813 continenter
562 746 687 813 lerunt:
714 748 840 813 nullam
862 756 992 831 partem
1013 744 1119 812 noctis
1141 745 1259 811 itinere
1280 745 1384 810 inter-

162 822 293 939 {mor
334 850 435 916 misso
459 852 492 915 in
513 846 595 917 lines
616 850 806 935 Lingonum
829 852 886 916 die
911 860 1030 934 quarto
1053 857 1282 933 pervenemnt,
1303 868 1382 913 cum

162 954 252 1005 vivon.
333 964 367 1021 et
403 966 541 1039 propter
576 954 712 1019 vulnera
748 954 891 1020 militum
931 966 966 1019 et
1002 963 1138 1039 propter
1175 954 1381 1038 sepulturam

330 1058 515 1123 occisorum
527 1059 633 1123 nostri
642 1059 788 1123 triduum
800 1055 988 1144 moratiiros
998 1059 1093 1141 sequi
1104 1078 1171 1125 non
1185 1058 1381 1141 potuissent.

332 1160 456 1229 Caesar
481 1164 525 1228 ad
549 1163 719 1245 Lingonas
744 1162 871 1228 litteras
894 1163 1093 1245 nuntiosque
1116 1162 1215 1237 misit,
1238 1166 1299 1226 ‘ne
1320 1166 1411 1226 eos⁶

331 1266 496 1333 frumento
507 1287 590 1331 neve
604 1268 668 1332 alia
684 1286 717 1331 re
733 1266 899 1332 iuvarent:
922 1266 979 1349 qui
991 1266 1019 1331 si
1034 1266 1203 1340 iuvissent,
1214 1286 1250 1330 se
1260 1266 1381 1331 eodem

330 1370 414 1451 loco,
430 1391 497 1453 quo
516 1370 698 1447 Helvetios,
713 1369 925 1436 habitumm.’
970 1370 1048 1454 Ipse
1067 1370 1178 1435 triduo
1194 1369 1382 1434 intermisso

330 1495 406 1541 cum
421 1476 575 1540 omnibus
589 1474 692 1559 copiis
708 1494 766 1540 eos
780 1474 875 1556 sequi
889 1474 1010 1557 coepit.

377 1577 523 1643 Helvetii
553 1580 701 1644 omnium
732 1597 842 1642 rerum
871 1578 985 1661 inopia
1014 1577 1151 1643 adducti
1180 1575 1308 1659 legatos
1336 1578 1381 1641 de
1394 1586 1433 1639 27

329 1683 500 1747 deditione
524 1683 567 1747 ad
593 1702 668 1747 eum
695 1684 862 1747 misemnt.
907 1681 1076 1766 Quicum
1101 1702 1179 1746 cum
1204 1682 1238 1745 in
1263 1682 1407 1745 itinerea

330 1786 560 1851 convenissent
578 1805 680 1868 seque
699 1786 742 1850 ad
763 1786 867 1871 pedes
885 1785 1100 1869 proiecissent
1120 1784 1381 1869 suppliciterque

329 1889 431 1953 locuti
452 1888 568 1954 flentes
588 1910 705 1973 pacem
727 1890 896 1973 petissent,
909 1898 1013 1970 atque
1032 1908 1091 1954 eos
1105 1888 1140 1951 in
1154 1908 1198 1954 eo
1212 1889 1296 1967 loco,
1310 1908 1381 1971 quo

328 2002 400 2057 tum
420 2002 539 2069 essent,
555 2014 651 2059 suum
673 1994 853 2057 adventum
873 2002 1070 2078 exspectare
1089 1993 1247 2068 iussisset,
1263 2014 1380 2077 parue-

330 2105 415 2161 runt.
461 2096 513 2162 Eo
546 2105 725 2181 postquam
758 2096 883 2162 Caesar
912 2098 1071 2179 pervenit,
1101 2098 1244 2177 obsides,
1274 2118 1405 2173 armam

160 2209 267 2262 Dmtie
330 2222 451 2279 servos,
484 2202 542 2283 qui
580 2202 622 2266 ad
656 2222 714 2265 eos
748 2201 977 2284 perfugissent,
1008 2202 1170 2285 poposcit.
1216 2202 1308 2265 Dum
1340 2222 1406 2277 ea4

160 2280 293 2392 {ffiffm
330 2306 567 2387 conquiruntur
597 2314 630 2369 et
659 2304 879 2383 conseruntur,
905 2315 1005 2369 nocte
1035 2306 1220 2371 intermissa
1250 2306 1378 2371 circiter

161 2406 302 2473 Verbigent.
329 2409 501 2475 hominum
522 2409 613 2475 milia
627 2422 666 2473 vl
687 2410 758 2473 eius
779 2410 866 2493 pagi,
880 2410 938 2491 qui
953 2408 1162 2492 Verbigenus
1181 2408 1377 2493 appellatur,

329 2515 399 2579 sive
418 2514 538 2580 timore
557 2513 730 2597 perterriti,
746 2533 788 2577 ne
810 2513 911 2578 armis
930 2512 1062 2579 traditis
1083 2513 1248 2597 supplicio
1267 2512 1377 2580 affice·

329 2629 450 2697 rentur,
464 2618 534 2683 sive
549 2637 608 2701 spe
623 2618 738 2682 salutis
753 2617 888 2695 inducti,
904 2618 996 2699 quod
1012 2618 1045 2681 in
1060 2626 1153 2681 tanta
1165 2616 1378 2682 multitudine

329 2722 560 2787 dediticiorum
594 2742 688 2786 suam
722 2722 835 2804 lugam
869 2732 927 2787 aut
959 2719 1117 2787 occultari
1150 2731 1209 2786 aut
1240 2723 1376 2786 omnino

330 2825 473 2909 ignorari
500 2846 598 2911 posse
623 2826 863 2900 existimarent,
891 2824 999 2907 prima
1024 2834 1125 2889 nocte
1149 2826 1265 2890 castris
1294 2826 1375 2889 liel-

327 2928 491 2993 vetiorum
529 2928 650 3011 egressi
684 2929 728 2993 ad
763 2928 918 2993 Rhenum
952 2926 1100 3010 finesque
1133 2928 1376 2995 Germanorum

329 3033 580 3098 contenderunt.
1477 3099 1478 3130 ¹

371 3136 472 3219 Quod
495 3137 552 3201 ubi
573 3135 694 3201 Caesar
714 3136 833 3216 resciit,
848 3156 990 3219 quorum
1008 3156 1068 3221 per
1087 3136 1169 3202 fines
1188 3138 1303 3215 ierant,
1317 3138 1375 3217 his,
1392 3140 1430 3193 ²⁸
1476 3203 1477 3238 1

329 3240 377 3305 uti
409 3240 658 3323 ‘conquirerent
687 3250 721 3305 et
755 3242 958 3319 reducerent,
984 3239 1013 3305 sl
1044 3239 1107 3305 sibi
1140 3243 1271 3327 purgati
1305 3264 1375 3309 esse

327 3344 468 3419 vellent,’
485 3344 677 3427 imperavit:
702 3344 856 3410 reductos
871 3345 904 3408 in
920 3342 1066 3409 hostium
1082 3365 1219 3410 numero
1239 3345 1398 3419 habuit32
1475 3303 1476 3344 ¹

359 3492 468 3539 nurum
482 3490 657 3565 paemen.
691 3486 755 3537 unu
769 3488 830 3553 0017
876 3488 907 3537 os
924 3488 1006 3538 which
1027 3488 1071 3539 ue
1092 3488 1185 3553 mutet
1209 3490 1232 3541 i·
1255 3491 1374 3554 maumy
1473 3471 1474 3556 l

327 3563 424 3678 Ἢ
434 3554 621 3679 ufflfflug
632 3560 827 3683 ’ἓρὛιη
875 3552 1164 3697 winemaro.
1199 3621 1248 3687 cp.
1270 3625 1372 3682 1²‚tt

327 3683 513 3751 ‘Allobroges’
546 3683 601 3734 ‘l'ne
621 3682 745 3749 Lingones
764 3684 829 3735 hate
877 3683 1042 3749 ‘rugarum’

353 3764 398 3799 ven
415 3752 479 3800 their
493 3766 565 3800 neme
581 3757 609 3799 to
620 3750 729 3815 Lcugrer
745 3750 829 3801 inthe
907 3754 984 3810 quod
1007 3788 1012 3799 .
1033 3788 1040 3800 .
1062 3788 1071 3803 .
1091 3756 1295 3802 sustinerent
1327 3751 1372 3801 Sec

344 3822 482 3879 epartmeut
493 3816 522 3865 oi
531 3816 617 3865 Haute
627 3816 723 3867 Mame.
876 3830 915 3879 23,
929 3821 942 3873 ς
956 3830 970 3878 3
983 3818 1065 3881 ‘quod
1078 3854 1085 3867 .
1097 3854 1104 3868 .
1117 3855 1123 3866 .
1134 3816 1318 3869 existimmt’
1469 3773 1471 3876 l

359 3884 402 3933 tl‘l.
425 3885 439 3940 t
461 3896 482 3930 a.
503 3884 561 3939 Qui
581 3917 589 3932 .
609 3917 615 3931 .
636 3916 642 3929 .
662 3886 826 3939 morunt.
907 3885 951 3931 28.
973 3887 986 3942 ς
1007 3898 1029 3933 a.
1053 3886 1085 3932 ln
1107 3887 1235 3933 hostium
1255 3896 1370 3933 numero

326 3946 439 3997 Between
450 3944 492 3997 the
504 3948 570 3996 maia
579 3946 673 4009 subject
685 3944 766 4010 'Qui'
777 3946 828 3997 and
873 3950 982 3997 hebuit
1016 3948 1041 3996 A
1050 3948 1205 4014 euphemium
1220 3949 1260 3998 ior
1273 3947 1369 4012 slaagb·

325 4012 358 4062 its
374 4011 433 4061 verb
447 4010 606 4077 'paruerunt'
619 4010 687 4062 there
701 4012 828 4063 interreue
874 4013 955 4077 terlug
977 4013 1003 4063 in
1023 4013 1084 4064 oold
1102 4014 1187 4065 blood.
1220 4015 1269 4080 Cp.
1291 4015 1322 4063 vi
1343 4011 1368 4069 6»

326 4076 550 4129 ioursubordiucte
566 4076 705 4139 chamin
723 4076 827 4128 thelast
874 4081 924 4141 53.
