2984 4992
331 494 393 555 226
677 505 705 557 c.
730 507 828 558 rurrr
851 504 1041 558 crassius
1283 505 1341 572 [ss.
1355 518 1388 552 2-

334 666 380 731 Hi
389 667 700 752 suntmagnitudine
711 664 1226 754 pauloinfmelephantosspecie
1232 675 1267 731 et
1274 666 1387 729 colore
1401 686 1412 719 ι

333 779 366 835 et
381 769 487 855 figura
503 771 595 837 tauri.
626 772 753 857 Magna
766 773 817 839 vis
831 791 945 837 eorum
960 780 1012 836 est
1026 781 1062 835 et
1077 789 1199 853 magna
1213 769 1386 847 velocitas,
1491 820 1492 835 ,

331 895 440 957 neque
454 875 580 940 homini
604 896 712 959 neque
729 877 826 953 serae,
841 896 942 959 quam
963 881 1219 958 conspexerunt,
1233 884 1386 957 parcunt

332 978 406 1043 Hos
428 980 578 1043 studiose
600 980 702 1045 foveis
720 989 839 1063 captos
856 977 1066 1043 interficiunt.
1113 977 1191 1041 Hoc
1212 998 1249 1042 se
1270 976 1415 1043 labores

330 1084 452 1147 durant
467 1082 694 1149 adulescentes
706 1094 808 1168 atque
821 1083 887 1149 hoc
896 1102 1017 1167 genere
1025 1082 1209 1147 venationis
1218 1095 1386 1159 exercent,

331 1195 365 1251 et
385 1187 442 1270 qui
461 1186 620 1270 plurimos
642 1209 687 1253 ex
705 1188 757 1252 his
779 1188 1019 1265 interfecerunt,
1035 1184 1148 1251 relatis
1162 1184 1196 1249 in
1211 1185 1386 1268 publicum

331 1290 494 1370 comibus,
509 1310 595 1374 quae
617 1292 685 1357 sint
708 1292 911 1369 testimonio,
929 1309 1084 1373 magnam
1107 1288 1216 1353 serunt
1239 1288 1386 1353 laudem.

331 1393 399 1459 Sed
430 1414 616 1461 assuescere
640 1397 684 1459 ad
714 1396 865 1460 homines
888 1404 923 1459 et
953 1392 1160 1459 mansuefieri
1185 1412 1229 1456 ne
1255 1394 1416 1476 parvulis

329 1499 465 1581 quidem
483 1499 616 1583 excepti
637 1511 786 1584 possunt.
830 1498 1032 1582 Amplitudo
1052 1517 1215 1562 cornuum
1229 1506 1265 1562 et
1279 1496 1414 1581 figuras

330 1612 364 1667 et
386 1604 514 1687 species
540 1602 681 1669 multum
703 1625 723 1667 a
746 1613 934 1669 nostrorum
958 1603 1061 1669 boum
1085 1602 1239 1667 cornibus
1261 1601 1387 1667 differt.
1490 1591 1491 1596 ἵ

330 1706 425 1772 Haec
440 1707 587 1773 studiose
601 1708 787 1791 conquisita
797 1709 842 1773 ab
853 1706 952 1771 labris
968 1714 1108 1791 argento
1119 1706 1386 1771 circumcludunt
1400 1711 1416 1757 ⁶

329 1820 430 1892 atque
444 1810 477 1875 in
493 1810 702 1893 amplissimis
717 1812 823 1897 epulis
837 1832 900 1896 pro
915 1810 1045 1895 poculis
1061 1819 1206 1875 utuntur.

159 1924 252 1974 caesar
374 1913 507 1993 Caesar,
530 1925 710 2000 postquam
733 1936 794 1998 per
823 1916 934 1982 Ubios
962 1914 1188 1998 exploratores
1218 1915 1436 1996 comperitas

159 1999 255 2104 ἂψ
266 1997 292 2039 ²⁰
331 2018 461 2084 Suebos
477 2038 550 2084 sese
564 2020 597 2083 in
613 2018 712 2085 silvas
733 2020 904 2104 recepisse,
918 2018 1063 2101 inopiam
1078 2015 1236 2082 frumenti
1249 2018 1385 2095 veritus,

330 2122 430 2206 quod,
445 2132 482 2187 ut
497 2144 596 2207 supra
610 2124 923 2199 demonstravimus,
939 2122 1074 2187 minime
1087 2140 1205 2187 omnes
1222 2120 1385 2186 Germani

330 2226 548 2311 agriculturae
573 2227 719 2303 student,
745 2227 916 2292 constituit
945 2246 1013 2291 non
1042 2226 1199 2311 progredi
1228 2226 1385 2309 longius;
1491 2228 1492 2291 i

158 2334 314 2514 {pfflm
331 2332 399 2409 sed,
415 2350 456 2394 ne
470 2332 607 2397 omnino
623 2340 749 2396 metum
765 2331 889 2395 reditus
904 2330 956 2393 sui
971 2329 1120 2395 barbaris
1133 2328 1265 2394 tolleret
1280 2338 1385 2413 atque
1402 2360 1415 2391 ι
1491 2386 1492 2389 ,

331 2445 497 2499 uteorum
513 2435 637 2500 auxilia
656 2436 816 2512 tardaret,
830 2435 968 2498 reducto
986 2433 1134 2498 exercitu
1153 2444 1284 2515 partem
1304 2434 1386 2497 ulti-

330 2557 419 2602 mam
439 2538 558 2621 pontis,
578 2558 665 2621 quae
682 2538 770 2621 ripas
793 2536 957 2603 Ubiorum
979 2537 1204 2619 contingebat,
1219 2536 1254 2600 in
1273 2535 1385 2622 longi-

328 2642 477 2706 tudinem
493 2642 618 2724 pedum
638 2644 856 2707 ducentorum
877 2640 1034 2705 rescindit
1053 2651 1155 2723 atque
1175 2642 1209 2704 in
1228 2650 1415 2717 extremo3
1491 2626 1492 2629 ¹

328 2754 429 2827 ponte
444 2746 558 2808 turrim
574 2746 800 2811 tabulatorum
809 2752 969 2828 quattuor
980 2744 1153 2810 constituit
1163 2744 1385 2828 praesidium-

327 2866 392 2931 que
422 2848 607 2913 cohortium
638 2850 815 2915 duodecim
847 2849 960 2932 pontis
996 2848 1112 2912 tuendi
1150 2868 1249 2911 causa
1287 2850 1386 2930 ponit

177 2476 221 2533 ept
231 2482 274 2531 up.

328 2952 521 3033 magnisque
547 2972 625 3016 eum
649 2951 759 3019 locum
790 2952 1028 3016 munitionibus
1059 2948 1177 3014 firmat.
1232 2950 1275 3014 Ei
1305 2950 1385 3015 loco

160 3072 305 3122 anabuns
327 3054 559 3140 praesidioque
589 3054 710 3121 Gaium
738 3056 931 3122 Volcatium
966 3053 1103 3119 Tullum
1131 3054 1383 3119 adulescentem

159 3139 282 3251 ἓξὲξ
327 3158 493 3244 praefecit.
540 3159 625 3243 Ipse,
649 3180 725 3225 cum
754 3171 971 3225 maturescere
995 3158 1162 3224 frumenta
1188 3159 1414 3241 inciperent,

159 3270 270 3317 enare
327 3265 369 3329 ad
385 3263 511 3328 bellum
528 3262 734 3347 Ambiorigis
753 3264 922 3348 proiectus
941 3283 1001 3346 per
1018 3264 1238 3327 Arduennam
1253 3262 1383 3341 silvam,

158 3347 299 3449 322⁰ss
327 3388 412 3452 quae
437 3375 488 3431 est
514 3367 617 3431 totius
641 3366 771 3433 Galliae
796 3368 947 3433 maxima
973 3376 1076 3449 atque
1096 3366 1140 3430 ab
1164 3367 1243 3449 ripis
1271 3366 1384 3431 Rheni

158 3478 257 3580 Ἠ·
327 3471 514 3554 finibusque
540 3470 761 3537 Treverorum
787 3475 831 3538 ad
854 3470 996 3535 Nervios
1019 3472 1162 3555 pertinet
1181 3469 1384 3554 milibusque
1491 3514 1492 3517 =

325 3606 416 3673 volgus
433 3606 581 3657 bubalorum
600 3622 691 3657 nomen
710 3607 827 3671 imponit,
876 3610 922 3656 ‘ex
934 3605 983 3655 un's
993 3603 1148 3671 agrestibus!

327 3672 827 3737 cumidgigmthfxtcavitulipotiusoer-
911 3675 960 3735 55.
978 3686 1013 3721 a.
1028 3675 1209 3721 ..cornibum
1238 3672 1382 3749 Apardon·
1491 3672 1492 3675 ’

326 3738 400 3801 vique
411 3738 519 3801 quadam
529 3734 706 3787 similitudine'
732 3737 790 3787 Plin
814 3754 828 3787 s
876 3738 933 3787 able
948 3736 1020 3801 piece
1036 3736 1065 3785 oi
1078 3736 1242 3801 brachylogy,
1255 3752 1324 3787 nuce
1338 3740 1382 3788 tbe

327 3800 443 3851 ‘bubali’
460 3819 503 3853 are
520 3802 645 3869 evidently
661 3804 704 3854 the
720 3802 775 3854 buli
799 3818 825 3853 o-
876 3802 923 3852 inll
939 3802 1083 3868 expression
1092 3802 1178 3852 would
1193 3804 1268 3852 beu
1282 3812 1382 3853 nocuo-

325 3868 393 3927 kine,
402 3867 484 3917 which
494 3883 574 3919 creso
582 3884 699 3919 common
710 3870 735 3918 iu
743 3870 828 3984 Egypt
877 3884 932 3917 rum
944 3868 1021 3917 bourn
1037 3882 1157 3917 cornuum
1173 3867 1344 3933 amplitudine
1354 3877 1382 3919 et

324 3942 352 3983 nt
363 3933 406 3982 the
418 3942 516 3997 present
524 3934 580 3983 da.
614 3934 770 3998 Vegetius(''
799 3936 826 3997 5)
877 3930 1102 3999 figunetspeote!

325 3998 415 4067 speaks
427 3998 507 4049 nithe
519 3950 628 4065 milmy
639 3998 828 4065 homasbeing
909 4002 954 4050 20.
967 4003 980 4060 ς
995 4012 1016 4050 1.
1033 4013 1127 4057 supra
1156 4002 1221 4059 am
1236 4011 1258 4048 1.
