2984 4992
111 557 158 605 so.
169 552 198 620 4]
354 552 407 605 oa
428 553 552 607 cccco
577 552 744 605 σΑιιιεο.
795 554 868 606 cro.
894 555 913 606 r
1122 559 1163 625 45

112 724 293 792 centorum,
307 736 374 799 qua
396 714 519 781 flumen
537 716 735 795 intermittit,
751 734 849 783 mons
870 717 1018 784 continet
1039 737 1164 803 magna

110 819 299 899 altitudine,
311 820 370 898 ita,
387 831 424 885 ut
439 820 566 885 radices
586 820 710 885 montis
730 841 776 885 ex
794 829 935 903 utraque
954 832 1051 907 parte
1070 824 1163 906 ripae

82 923 257 990 tiliuninis
286 925 488 1009 contingant.
534 924 636 989 Hunc
660 944 774 989 murus
803 925 1025 992 circumdatus
1053 947 1162 993 arcem

84 1027 216 1101 refficit
241 1036 275 1093 et
300 1049 375 1093 cum
400 1028 526 1114 oppido
552 1028 730 1113 coniungit
778 1029 857 1094 Huc
884 1028 1007 1095 Caesar
1033 1031 1164 1115 magnis

112 1133 282 1197 nocturnis
311 1133 503 1216 diurnisque
533 1133 702 1198 itineribus
734 1132 907 1199 contendit
935 1143 1164 1217 occupatoque

111 1236 241 1321 oppido
262 1236 310 1301 ibi
332 1237 533 1321 praesidium
556 1237 706 1303 collocat.

52 1365 93 1419 39
157 1340 251 1404 Dum
275 1360 399 1424 paucos
424 1340 496 1405 dies
520 1342 563 1405 ad
588 1340 830 1407 Vesontionem
855 1340 900 1403 rei
930 1338 1285 1407 smmentariaesmn

110 1452 386 1527 commeatusque
407 1464 507 1509 causa
525 1455 680 1520 moratur,
696 1465 741 1510 ex
763 1444 1013 1527 percontatione
1033 1417 1304 1533 nostro-{fffosst‘ssffe

111 1569 187 1613 rurn
209 1547 412 1631 vocibusque
436 1546 608 1613 Gallorum
629 1569 669 1613 ac
693 1557 924 1625 mercatorum,
940 1550 997 1630 qui
1016 1548 1162 1633 ‘ingenti
1174 1548 1304 1599 Germ

112 1652 343 1734 magnitudine
378 1671 556 1735 corporum
594 1650 790 1728 Germanos,
822 1652 1004 1717 incredibili
1040 1654 1164 1720 virtute

111 1768 217 1840 atque
232 1755 468 1821 exercitatione
489 1757 522 1819 in
542 1756 643 1821 armis
658 1754 748 1823 esse'
764 1755 1002 1838 praedicabant
1016 1756 1039 1842 (ι
1048 1776 1166 1840 saepe·

113 1878 255 1925 numero
267 1880 338 1925 sese
351 1880 427 1923 cum
442 1859 494 1923 his
509 1879 702 1944 congressos
717 1878 761 1922 ne
775 1858 904 1923 vultum
915 1860 1050 1941 quidem
1064 1870 1168 1943 atque

113 1966 223 2029 aciem
238 1962 424 2027 oculorum'
440 1962 596 2029 dicebant
611 1962 709 2028 ‘serre
723 1962 872 2045 potuisse
881 1960 911 2050 '),
926 1972 1040 2030 tantus
1054 1966 1167 2031 subito

4 2068 5 2091 ¹
112 2068 218 2133 timor
239 2087 373 2131 omnem
396 2067 579 2133 exercitum
602 2068 786 2152 occupavit,
808 2077 845 2132 ut
867 2087 933 2132 non
956 2068 1167 2135 mediocriter

87 2172 266 2237 :omnium
289 2180 419 2235 mentes
445 2172 640 2253 animosque
663 2173 881 2253 perturbaret.
928 2171 995 2236 Hic
1022 2173 1166 2257 primum

114 2286 209 2341 ortus
232 2284 283 2339 est
305 2295 326 2339 a
347 2275 487 2339 tribunis
509 2275 661 2356 militum,
682 2274 860 2360 praelectis
882 2273 1089 2358 reliquisque,
1109 2277 1166 2358 qui

114 2402 159 2445 ex
176 2381 258 2447 urbe
278 2378 446 2443 amicitiae
468 2399 567 2443 causa
590 2378 768 2445 Caesarem
790 2378 894 2444 secuti
917 2397 983 2442 non
1006 2399 1166 2462 magnum

87 2485 149 2560 gin
173 2504 210 2547 re
232 2482 365 2549 militari
387 2504 483 2547 usum
503 2482 694 2549 habebant:
717 2503 858 2565 quorum
883 2482 968 2546 alius
989 2482 1053 2546 alia
1068 2504 1167 2549 causa

113 2588 217 2667 illata,
244 2608 345 2671 quam
376 2588 437 2653 sibi
467 2588 509 2653 ad
541 2586 817 2670 proficiscendum
846 2586 1064 2651 necessariam
1095 2608 1168 2653 esse

114 2694 250 2771 diceret,
279 2691 425 2775 petebat,
457 2702 495 2755 ut
524 2693 593 2755 eius
622 2691 796 2756 voluntate
832 2689 1005 2755 discedere
1033 2690 1167 2772 liceret;

114 2797 266 2863 nonnulli
282 2796 409 2881 pudore
423 2796 569 2875 adducti,
581 2805 618 2860 ut
631 2794 762 2861 timoris
776 2794 998 2877 suspicionem
1012 2795 1168 2875 vitarent,

88 2900 340 2977 4remanebant.
386 2899 432 2963 Hi
450 2920 556 2982 neque
570 2900 699 2964 vultum
723 2896 848 2981 fingere
869 2917 978 2980 neque
996 2898 1164 2966 interdum

116 3005 271 3071 lacrimas
299 3013 414 3069 tenere
443 3013 621 3087 poterant;
658 3002 765 3069 abditi
793 3002 828 3067 in
858 3004 1079 3069 tabernaculis
1109 3015 1168 3071 aut

115 3207 283 3259 Romcnleet.
316 3205 372 3256 The
382 3205 445 3256 rlrer
458 3204 547 3255 bnon
558 3220 616 3255 con·
700 3207 742 3254 lte
758 3207 869 3264 abde„
886 3206 931 3254 ‘so
946 3203 1023 3255 cloeel
1054 3206 1110 3255 that
1125 3206 1168 3257 the

116 3274 206 3327 nected
216 3272 277 3321 with
288 3271 359 3322 itseli
370 3272 402 3335 by
414 3269 481 3321 what
498 3271 519 3321 is
535 3270 617 3320 called
666 3269 748 3319 benks
759 3270 789 3319 of
796 3269 838 3318 the
848 3270 912 3320 river
922 3270 999 3319 toucb
1038 3272 1124 3321 ebese
1141 3271 1171 3322 oi

117 3341 160 3391 the
169 3338 282 3389 ‘Tunnel
289 3337 320 3387 de
328 3336 352 3386 le
359 3336 510 3401 Navigation
519 3333 526 3357 '
534 3334 617 3386 which
667 3334 711 3385 the
722 3334 850 3385 monntein
861 3350 895 3384 on
906 3335 968 3386 both
977 3332 1058 3386 eidec’

117 3406 189 3457 flowe
199 3405 279 3455 under
289 3404 331 3454 the
343 3402 442 3452 citadel.
474 3402 514 3451 On
544 3402 617 3465 acing
700 3404 809 3461 8941.
827 3402 967 3450 dicebant
1000 3400 1124 3451 'l'bererb
1140 3402 1167 3452 in

117 3472 169 3523 this
187 3470 201 3521 Ι
220 3469 297 3519 found
316 3468 336 3517 it
357 3474 385 3518 to
405 3468 436 3517 be
453 3466 504 3529 just
522 3417 569 3516 Xan
581 3466 620 3544 Ιοἰ
666 3464 839 3517 “chumis
850 3465 948 3528 usually
956 3465 1068 3516 omitted.

117 3532 618 3657 uuit„
700 3530 1168 3663 muctam

118 3683 151 3717 on
175 3682 223 3717 one
244 3666 299 3716 ride
320 3673 348 3715 to
371 3664 413 3713 the
435 3664 498 3713 n’ver
520 3678 553 3713 on
575 3664 618 3714 the
668 3662 828 3713 creditomor
837 3661 901 3711 their
912 3660 1011 3711 merda

119 3733 198 3785 other.
239 3730 295 3781 The
317 3730 427 3779 distance
449 3736 476 3780 ut
497 3728 618 3779 thebeae
703 3727 1167 3795 §5.dleeret:a3,53tq10d„,

118 3799 149 3848 ol
162 3800 205 3849 tbe
221 3796 319 3847 Ciudel
336 3796 357 3845 is
373 3802 476 3858 greater,
488 3794 535 3845 but
550 3795 618 3845 there
666 3790 849 3844 existimarent:

118 3865 162 3914 tbe
172 3860 378 3927 wayisblocked
390 3862 422 3926 by
435 3859 568 3923 buildings.
700 3862 762 3909 elue
773 3860 1085 3911 volunt-ee...1toeret.
1118 3862 1168 3926 Cp.

151 3924 427 3989 oondnetstadjoim!
460 3925 507 3991 Cp.
522 3924 564 3977 vti.
579 3938 616 3985 11,
670 3936 710 3988 35,
725 3924 1024 3986 §,3·ut...roluntate
1042 3926 1096 3977 eim
1114 3928 1168 3978 red·

121 4000 134 4055 ς
146 3994 163 4045 6
175 3998 182 4021 ⁸
192 3994 260 4060 quod
275 3993 396 4059 oppidum
408 3991 540 4043 Genabum
552 4006 618 4058 pons
666 3990 724 4041 dere
735 3988 788 4041 illis
798 3989 899 4041 lioerec’

120 4060 229 4112 huminis
241 4058 337 4125 Ligeris
347 4054 510 4109 continebat)
