2984 4992
305 495 346 558 88
653 506 680 557 c.
705 506 804 558 ιυιη
825 505 1013 560 CAESARIS
1252 511 1312 577 [sc.
1326 525 1360 561 1-

307 668 343 731 P.
354 665 475 733 Sextio
493 666 626 746 Baculo,
637 667 819 734 fortissimo
830 668 910 748 viro,
922 669 1037 734 multis
1047 669 1270 755 gravibusque
1284 672 1359 736 vul-

307 771 440 836 neribus
455 771 605 838 confecto
622 781 659 836 ut
674 771 741 837 iam
757 793 793 837 se
812 773 974 839 sustinere
991 793 1057 838 non
1072 785 1195 858 posset,
1209 776 1359 858 reliquos

308 895 381 940 esse
405 875 566 941 tardiores
589 887 623 941 et
649 876 824 942 nonnullos
849 877 1044 942 novissimos
1070 879 1202 944 deserto
1230 881 1359 963 proelio

307 979 469 1042 excedere
484 999 523 1042 ac
538 977 605 1044 tela
619 979 730 1058 vitare,
742 980 856 1056 hostes
870 1001 978 1062 neque
989 1002 1010 1045 a
1021 980 1130 1045 fronte
1144 1003 1189 1047 ex
1204 983 1359 1048 inferiore

309 1082 383 1147 loco
398 1082 577 1146 subeuntes
592 1083 810 1148 intermittere
825 1094 859 1148 et
880 1085 924 1149 ab
940 1096 1082 1167 utroque
1100 1085 1203 1150 latere
1225 1087 1360 1165 instare,

309 1197 343 1250 et
359 1206 429 1250 rem
445 1207 516 1250 esse
530 1187 563 1251 in
578 1197 721 1270 angusto
736 1189 820 1251 vidit
833 1208 942 1271 neque
957 1187 1061 1253 ullum
1077 1209 1150 1254 esse
1164 1190 1361 1266 subsidium,

311 1292 401 1372 quod
424 1291 576 1356 submitti
599 1300 732 1374 posset:
756 1302 852 1356 scuto
876 1287 935 1380 [ab
957 1293 1143 1357 novissimis
1166 1288 1238 1381 uni]
1261 1294 1390 1358 militia

311 1395 459 1458 detracto
488 1390 594 1483 [quod
621 1395 689 1477 ipse
713 1415 755 1459 eo
778 1396 850 1459 sine
873 1407 969 1461 scuto
991 1391 1142 1485 venerat]
1162 1399 1195 1461 in
1217 1399 1361 1480 primam

310 1499 415 1562 aciem
440 1499 601 1580 processit
626 1499 937 1581 centurionibusque
962 1501 1162 1564 nominatim
1184 1501 1363 1585 appellatis

311 1600 455 1683 reliquos
479 1600 671 1667 cohortatus
701 1602 823 1666 milites
847 1604 941 1687 sigua
964 1602 1083 1667 inferre
1108 1615 1143 1669 et
1173 1604 1362 1689 manipulos

310 1705 423 1770 laxare
453 1705 555 1783 iussit,
579 1725 647 1787 quo
673 1703 800 1770 facilius
829 1705 950 1789 gladiis
979 1707 1028 1770 uti
1055 1717 1202 1789 possent.
1256 1709 1392 1781 Cuius3

312 1807 457 1871 adventu
476 1827 535 1892 spe
558 1807 650 1872 illata
666 1809 826 1874 militibus
846 1831 885 1875 ac
901 1811 1125 1892 redintegrato
1145 1813 1267 1888 animo,
1283 1833 1362 1877 cum

311 1932 373 1994 pro
388 1932 423 1975 se
439 1913 579 1995 quisque
594 1912 627 1975 in
643 1924 822 1997 conspectu
844 1915 1052 1998 imperatoris
1072 1915 1173 1980 etiam
1191 1917 1225 1979 in
1247 1926 1360 1980 extre·

313 2011 376 2075 mis
393 2011 461 2074 suis
482 2012 579 2076 rebus
601 2032 736 2095 operam
760 2033 881 2078 navare
901 2024 1044 2099 cuperet,
1059 2015 1193 2098 paulum
1213 2016 1362 2081 hostium

313 2115 458 2199 impetus
473 2116 623 2181 tardatus
639 2127 699 2180 est.

359 2216 490 2294 Caesar,
520 2238 595 2282 cum
626 2220 803 2302 septimam
833 2220 1009 2304 legionem,
1039 2240 1126 2302 quae
1155 2221 1251 2286 iuxta
1280 2242 1362 2287 con·
1375 2228 1420 2281 au

313 2323 451 2398 stiterat‚
467 2323 547 2387 item
571 2323 677 2406 urgeri
698 2325 742 2388 ab
764 2324 862 2389 hoste
884 2324 1030 2401 vidisset,
1051 2326 1202 2390 tribunos
1219 2325 1363 2391 militum

314 2427 455 2504 monuit,
471 2436 508 2490 ut
524 2426 685 2509 paulatim
707 2448 781 2492 sese
803 2428 950 2512 legiones
971 2430 1208 2511 coniungerent
1229 2439 1263 2493 et
1284 2449 1365 2495 con·

313 2551 409 2595 versa
425 2532 520 2615 signa
535 2530 568 2594 in
584 2530 697 2596 hostes
713 2532 878 2597 inferrent.
921 2532 999 2617 Quo
1014 2532 1102 2598 facto
1117 2552 1191 2597 cum
1207 2533 1292 2596 alius
1306 2533 1364 2597 alii
1380 2559 1394 2592 ι

314 2635 499 2699 subsidium
526 2634 634 2714 ferret,
660 2656 768 2720 neque
792 2637 958 2715 timerent,
984 2657 1027 2700 ne
1058 2639 1164 2700 aversi
1194 2637 1237 2701 ab
1265 2637 1363 2702 hoste

315 2739 637 2818 circumvenirentur,
656 2740 814 2804 audacius
835 2739 986 2804 resistere
1008 2760 1047 2805 ac
1072 2739 1190 2805 fortius
1215 2761 1366 2825 pugnare

147 2864 229 2915 which
241 2863 262 2911 ιι
314 2850 505 2924 coeperunt.
552 2843 690 2910 Interim
712 2844 834 2908 milites
857 2844 1027 2926 legionum
1050 2844 1202 2924 duarum,
1221 2865 1308 2927 quae
1330 2845 1396 2924 in3

148 2929 303 3058 fflffieat
315 2945 495 3010 novissimo
511 2947 645 3028 agmine
656 2949 821 3030 praesidio
833 2947 1080 3031 impedimentis
1090 2949 1229 3027 fuerant,
1237 2949 1365 3033 proelio

148 3064 252 3123 victory.
316 3050 469 3115 nuntiato
484 3069 579 3114 cursu
595 3051 732 3115 incitato
752 3051 785 3114 in
801 3071 934 3116 summo
954 3051 1038 3115 colle
1052 3054 1097 3116 ab
1117 3051 1269 3117 hostibus
1284 3073 1364 3118 con-

317 3154 549 3239 spiciebantur,
565 3163 599 3218 et
621 3153 719 3218 Titus
743 3155 911 3220 Labienus
929 3157 1045 3220 castris
1068 3155 1215 3221 hostium
1237 3158 1399 3240 potitus4

316 3271 350 3324 et
365 3279 409 3322 ex
424 3257 498 3322 loco
512 3258 689 3340 superiore,
700 3278 786 3340 quae
801 3281 852 3324 res
864 3261 898 3323 in
910 3261 1030 3325 nostris
1040 3263 1157 3325 castris
1167 3271 1367 3345 gererentur,

317 3363 718 3446 conspicatus'decimam
743 3362 909 3447 legionem
933 3365 1084 3429 subsidio
1113 3367 1234 3430 nostris
1264 3367 1368 3433 misit.

319 3468 396 3552 Qui,
411 3487 488 3533 cum
503 3489 548 3531 ex
565 3467 713 3549 equitum
737 3476 771 3531 et
793 3468 945 3532 calonum
968 3468 1056 3552 fuga,
1072 3489 1140 3551 quo
1162 3471 1196 3534 in
1218 3469 1294 3537 loco
1316 3493 1398 3550 res5

351 3609 563 3664 nequo...et.
596 3603 826 3668 Seeiii.14,§4
864 3603 960 3656 shield!
993 3605 1075 3656 Tbere
1097 3622 1201 3672 appears
1226 3616 1253 3658 to
1275 3611 1309 3661 be
1336 3627 1371 3661 no

320 3671 415 3735 ‘neque
427 3708 451 3721 ..
466 3709 473 3722 .
486 3669 526 3720 et.'
863 3670 1000 3722 reosculor
1010 3673 1133 3738 doubting
1148 3674 1190 3724 the
1206 3677 1372 3740 gmuineueus

352 3740 506 3785 subeunte·
529 3739 726 3786 intermittere.
768 3735 824 3786 The
862 3737 893 3787 of
899 3738 942 3787 the
953 3737 1071 3787 wordsin
1083 3739 1204 3789 brackets

319 3801 557 3924 phetarah
569 3800 824 3918 ..⁰..hh
863 3806 940 3928 ⁵²⁰·
966 3808 979 3863 ⁵
1002 3816 1025 3852 ¹·
1042 3818 1115 3862 ‘¹¹¹⁸‘
1136 3809 1224 3856 ¹⁰¹²*
1257 3805 1305 3857 ⁸⁰⁸
1329 3821 1371 3871 '³’

319 3931 383 3982 from
396 3931 482 3981 oneof
495 3903 538 3982 'the
553 3903 822 3993 doldieninthereer‚
888 3884 946 3996 ξι
964 3937 1092 3986 durum.
1123 3949 1160 4000 19,
1174 3938 1222 3999 ει.

318 3997 411 4062 having
441 4010 512 4048 come
543 3996 648 4048 himself
675 3998 782 4049 without
809 4015 825 4049 ιι
