<?xml version="1.0" encoding="UTF-8"?>
<!DOCTYPE html PUBLIC "-//W3C//DTD XHTML 1.0 Transitional//EN"
    "http://www.w3.org/TR/xhtml1/DTD/xhtml1-transitional.dtd">
<html xmlns="http://www.w3.org/1999/xhtml" xml:lang="en" lang="en">
 <head>
  <title>
</title>
<meta http-equiv="Content-Type" content="text/html;charset=utf-8" />
  <meta name='ocr-system' content='tesseract 3.04.00' />
  <meta name='ocr-capabilities' content='ocr_page ocr_carea ocr_par ocr_line ocrx_word'/>
</head>
<body>
  <div class='ocr_page' id='page_1' title='image "./debellogallicob01stocgoog_0413.png"; bbox 0 0 2984 4992; ppageno 0'>
   <div class='ocr_carea' id='block_1_1' title="bbox 135 541 1187 640">
    <p class='ocr_par' dir='ltr' id='par_1_1' title="bbox 135 541 1187 640">
     <span class='ocr_line' id='line_1_1' title="bbox 135 541 1187 640; baseline 0.001 -18"><span class='ocrx_word' id='word_1_1' title='bbox 135 573 180 623; x_wconf 80' lang='lat' dir='ltr'>aa.</span> <span class='ocrx_word' id='word_1_2' title='bbox 192 570 220 638; x_wconf 68' lang='lat'>3]</span> <span class='ocrx_word' id='word_1_3' title='bbox 373 572 426 624; x_wconf 81' lang='lat' dir='ltr'>na</span> <span class='ocrx_word' id='word_1_4' title='bbox 448 571 570 624; x_wconf 74' lang='lat' dir='ltr'>antro</span> <span class='ocrx_word' id='word_1_5' title='bbox 597 541 765 625; x_wconf 70' lang='lat' dir='ltr'>caruca</span> <span class='ocrx_word' id='word_1_6' title='bbox 816 571 887 624; x_wconf 76' lang='lat' dir='ltr'>aaa.</span> <span class='ocrx_word' id='word_1_7' title='bbox 913 573 957 624; x_wconf 80' lang='grc' dir='ltr'>ιν</span> <span class='ocrx_word' id='word_1_8' title='bbox 1128 579 1187 640; x_wconf 84' lang='lat'>149</span> 
     </span>
    </p>
   </div>
   <div class='ocr_carea' id='block_1_2' title="bbox 73 733 1342 2898">
    <p class='ocr_par' dir='ltr' id='par_1_2' title="bbox 136 733 1187 928">
     <span class='ocr_line' id='line_1_2' title="bbox 137 733 1187 818; baseline 0.002 -20"><span class='ocrx_word' id='word_1_9' title='bbox 137 756 157 798; x_wconf 91' lang='lat' dir='ltr'>a</span> <span class='ocrx_word' id='word_1_10' title='bbox 187 733 302 800; x_wconf 90' lang='lat' dir='ltr'>castris</span> <span class='ocrx_word' id='word_1_11' title='bbox 332 734 552 818; x_wconf 89' lang='lat' dir='ltr'>processisset,</span> <span class='ocrx_word' id='word_1_12' title='bbox 583 755 661 800; x_wconf 86' lang='lat' dir='ltr'>suos</span> <span class='ocrx_word' id='word_1_13' title='bbox 689 737 735 802; x_wconf 93' lang='lat' dir='ltr'>ab</span> <span class='ocrx_word' id='word_1_14' title='bbox 764 734 918 802; x_wconf 86' lang='lat' dir='ltr'>hostibus</span> <span class='ocrx_word' id='word_1_15' title='bbox 947 733 1053 818; x_wconf 82' lang='lat' dir='ltr'><strong>premi</strong></span> <span class='ocrx_word' id='word_1_16' title='bbox 1085 745 1187 817; x_wconf 90' lang='lat' dir='ltr'>atque</span> 
     </span>
     <span class='ocr_line' id='line_1_3' title="bbox 136 831 1186 928; baseline 0.002 -27"><span class='ocrx_word' id='word_1_17' title='bbox 136 831 235 922; x_wconf 83' lang='lat' dir='ltr'>aegre</span> <span class='ocrx_word' id='word_1_18' title='bbox 249 839 409 904; x_wconf 85' lang='lat' dir='ltr'>sustinere</span> <span class='ocrx_word' id='word_1_19' title='bbox 424 847 459 904; x_wconf 91' lang='lat' dir='ltr'>et</span> <span class='ocrx_word' id='word_1_20' title='bbox 474 839 623 905; x_wconf 82' lang='lat' dir='ltr'>conferta</span> <span class='ocrx_word' id='word_1_21' title='bbox 644 838 779 928; x_wconf 80' lang='lat' dir='ltr'>legione</span> <span class='ocrx_word' id='word_1_22' title='bbox 796 859 841 905; x_wconf 87' lang='lat' dir='ltr'>ex</span> <span class='ocrx_word' id='word_1_23' title='bbox 861 840 1015 905; x_wconf 91' lang='lat' dir='ltr'>omnibus</span> <span class='ocrx_word' id='word_1_24' title='bbox 1036 840 1186 926; x_wconf 88' lang='lat' dir='ltr'>partibus</span> 
     </span>
    </p>

    <p class='ocr_par' dir='ltr' id='par_1_3' title="bbox 104 941 1186 1632">
     <span class='ocr_line' id='line_1_4' title="bbox 104 941 1186 1032; baseline -0.004 -20"><span class='ocrx_word' id='word_1_25' title='bbox 104 941 204 1012; x_wconf 85' lang='lat' dir='ltr'>4tela</span> <span class='ocrx_word' id='word_1_26' title='bbox 229 943 334 1008; x_wconf 93' lang='lat' dir='ltr'>conici</span> <span class='ocrx_word' id='word_1_27' title='bbox 356 943 597 1009; x_wconf 83' lang='lat' dir='ltr'>animadvertit.</span> <span class='ocrx_word' id='word_1_28' title='bbox 641 944 731 1032; x_wconf 88' lang='lat' dir='ltr'>Nam</span> <span class='ocrx_word' id='word_1_29' title='bbox 758 945 849 1027; x_wconf 90' lang='lat' dir='ltr'>quod</span> <span class='ocrx_word' id='word_1_30' title='bbox 871 945 962 1009; x_wconf 94' lang='lat' dir='ltr'>omni</span> <span class='ocrx_word' id='word_1_31' title='bbox 985 965 1031 1009; x_wconf 83' lang='lat' dir='ltr'>ex</span> <span class='ocrx_word' id='word_1_32' title='bbox 1052 944 1186 1027; x_wconf 87' lang='lat' dir='ltr'>reliquis</span> 
     </span>
     <span class='ocr_line' id='line_1_5' title="bbox 136 1045 1185 1131; baseline 0.002 -23"><span class='ocrx_word' id='word_1_33' title='bbox 136 1045 286 1128; x_wconf 91' lang='lat' dir='ltr'>partibus</span> <span class='ocrx_word' id='word_1_34' title='bbox 301 1047 454 1111; x_wconf 89' lang='lat' dir='ltr'>demesso</span> <span class='ocrx_word' id='word_1_35' title='bbox 475 1046 642 1115; x_wconf 80' lang='lat' dir='ltr'>frumento</span> <span class='ocrx_word' id='word_1_36' title='bbox 664 1067 741 1130; x_wconf 90' lang='lat' dir='ltr'>pars</span> <span class='ocrx_word' id='word_1_37' title='bbox 756 1067 822 1114; x_wconf 88' lang='lat' dir='ltr'>una</span> <span class='ocrx_word' id='word_1_38' title='bbox 837 1057 909 1112; x_wconf 90' lang='lat' dir='ltr'>erat</span> <span class='ocrx_word' id='word_1_39' title='bbox 928 1046 1064 1131; x_wconf 88' lang='lat' dir='ltr'>reliqua,</span> <span class='ocrx_word' id='word_1_40' title='bbox 1078 1048 1185 1130; x_wconf 91' lang='lat' dir='ltr'>suspi-</span> 
     </span>
     <span class='ocr_line' id='line_1_6' title="bbox 136 1148 1186 1230; baseline 0.002 -19"><span class='ocrx_word' id='word_1_41' title='bbox 136 1148 204 1212; x_wconf 92' lang='lat' dir='ltr'>cati</span> <span class='ocrx_word' id='word_1_42' title='bbox 228 1149 347 1230; x_wconf 87' lang='lat' dir='ltr'>hostes,</span> <span class='ocrx_word' id='word_1_43' title='bbox 374 1150 439 1217; x_wconf 88' lang='lat' dir='ltr'>huc</span> <span class='ocrx_word' id='word_1_44' title='bbox 462 1161 592 1216; x_wconf 87' lang='lat' dir='ltr'>nostros</span> <span class='ocrx_word' id='word_1_45' title='bbox 616 1171 688 1216; x_wconf 89' lang='lat' dir='ltr'>esse</span> <span class='ocrx_word' id='word_1_46' title='bbox 713 1161 879 1230; x_wconf 87' lang='lat' dir='ltr'>venturos,</span> <span class='ocrx_word' id='word_1_47' title='bbox 906 1160 1006 1216; x_wconf 91' lang='lat' dir='ltr'>noctu</span> <span class='ocrx_word' id='word_1_48' title='bbox 1032 1152 1066 1216; x_wconf 92' lang='lat' dir='ltr'>in</span> <span class='ocrx_word' id='word_1_49' title='bbox 1094 1150 1186 1214; x_wconf 89' lang='lat' dir='ltr'>silvis</span> 
     </span>
     <span class='ocr_line' id='line_1_7' title="bbox 136 1252 1185 1342; baseline 0.002 -26"><span class='ocrx_word' id='word_1_50' title='bbox 136 1252 356 1342; x_wconf 67' lang='lat' dir='ltr'>deliturgrant;</span> <span class='ocrx_word' id='word_1_51' title='bbox 379 1263 451 1320; x_wconf 91' lang='lat' dir='ltr'>tum</span> <span class='ocrx_word' id='word_1_52' title='bbox 473 1256 639 1340; x_wconf 86' lang='lat' dir='ltr'>dispersos</span> <span class='ocrx_word' id='word_1_53' title='bbox 660 1255 821 1338; x_wconf 91' lang='lat' dir='ltr'>depositis</span> <span class='ocrx_word' id='word_1_54' title='bbox 845 1254 945 1320; x_wconf 93' lang='lat' dir='ltr'>armis</span> <span class='ocrx_word' id='word_1_55' title='bbox 967 1255 1001 1319; x_wconf 92' lang='lat' dir='ltr'>in</span> <span class='ocrx_word' id='word_1_56' title='bbox 1027 1255 1185 1320; x_wconf 88' lang='lat' dir='ltr'>metendo</span> 
     </span>
     <span class='ocr_line' id='line_1_8' title="bbox 135 1358 1185 1444; baseline 0 -23"><span class='ocrx_word' id='word_1_57' title='bbox 135 1367 317 1440; x_wconf 92' lang='lat' dir='ltr'>occupatos</span> <span class='ocrx_word' id='word_1_58' title='bbox 353 1358 466 1424; x_wconf 88' lang='lat' dir='ltr'>subito</span> <span class='ocrx_word' id='word_1_59' title='bbox 502 1358 621 1444; x_wconf 55' lang='lat' dir='ltr'>admi,</span> <span class='ocrx_word' id='word_1_60' title='bbox 659 1358 774 1442; x_wconf 83' lang='lat' dir='ltr'>paucis</span> <span class='ocrx_word' id='word_1_61' title='bbox 816 1358 1004 1438; x_wconf 87' lang='lat' dir='ltr'>interfectis,</span> <span class='ocrx_word' id='word_1_62' title='bbox 1041 1358 1185 1440; x_wconf 89' lang='lat' dir='ltr'>reliquos</span> 
     </span>
     <span class='ocr_line' id='line_1_9' title="bbox 135 1459 1185 1548; baseline 0.004 -26"><span class='ocrx_word' id='word_1_63' title='bbox 135 1459 268 1526; x_wconf 89' lang='lat' dir='ltr'>incertis</span> <span class='ocrx_word' id='word_1_64' title='bbox 291 1463 459 1527; x_wconf 84' lang='lat' dir='ltr'>ordinibus</span> <span class='ocrx_word' id='word_1_65' title='bbox 481 1463 767 1548; x_wconf 83' lang='lat' dir='ltr'><strong>perturbaverant,</strong></span> <span class='ocrx_word' id='word_1_66' title='bbox 788 1461 886 1528; x_wconf 92' lang='lat' dir='ltr'>simul</span> <span class='ocrx_word' id='word_1_67' title='bbox 910 1463 1062 1546; x_wconf 87' lang='lat' dir='ltr'>equitatu</span> <span class='ocrx_word' id='word_1_68' title='bbox 1083 1469 1185 1545; x_wconf 89' lang='lat' dir='ltr'>atque</span> 
     </span>
     <span class='ocr_line' id='line_1_10' title="bbox 135 1565 569 1632; baseline 0.007 -3"><span class='ocrx_word' id='word_1_69' title='bbox 135 1565 260 1630; x_wconf 87' lang='lat' dir='ltr'>essedis</span> <span class='ocrx_word' id='word_1_70' title='bbox 275 1566 569 1632; x_wconf 86' lang='lat' dir='ltr'>circumdederant</span> 
     </span>
    </p>

    <p class='ocr_par' dir='ltr' id='par_1_4' title="bbox 73 1667 1342 1753">
     <span class='ocr_line' id='line_1_11' title="bbox 73 1667 1342 1753; baseline -0.003 -16"><span class='ocrx_word' id='word_1_71' title='bbox 73 1681 121 1737; x_wconf 75' lang='lat'>38</span> <span class='ocrx_word' id='word_1_72' title='bbox 180 1667 293 1734; x_wconf 88' lang='lat' dir='ltr'>Genus</span> <span class='ocrx_word' id='word_1_73' title='bbox 313 1667 376 1734; x_wconf 92' lang='lat' dir='ltr'>hoc</span> <span class='ocrx_word' id='word_1_74' title='bbox 394 1678 504 1736; x_wconf 80' lang='lat' dir='ltr'>estex</span> <span class='ocrx_word' id='word_1_75' title='bbox 526 1670 649 1735; x_wconf 87' lang='lat' dir='ltr'>essedis</span> <span class='ocrx_word' id='word_1_76' title='bbox 668 1689 809 1753; x_wconf 85' lang='lat' dir='ltr'>pugnae.</span> <span class='ocrx_word' id='word_1_77' title='bbox 857 1669 968 1735; x_wconf 92' lang='lat' dir='ltr'>Primo</span> <span class='ocrx_word' id='word_1_78' title='bbox 990 1689 1050 1753; x_wconf 86' lang='lat' dir='ltr'>per</span> <span class='ocrx_word' id='word_1_79' title='bbox 1069 1689 1185 1734; x_wconf 79' lang='lat' dir='ltr'>omnes</span> <span class='ocrx_word' id='word_1_80' title='bbox 1198 1675 1342 1753; x_wconf 65' lang='lat' dir='ltr'>Manuos</span> 
     </span>
    </p>

    <p class='ocr_par' dir='ltr' id='par_1_5' title="bbox 134 1741 1334 2064">
     <span class='ocr_line' id='line_1_12' title="bbox 135 1741 1334 1857; baseline 0 -20"><span class='ocrx_word' id='word_1_81' title='bbox 135 1783 247 1856; x_wconf 90' lang='lat' dir='ltr'>partes</span> <span class='ocrx_word' id='word_1_82' title='bbox 270 1775 480 1856; x_wconf 82' lang='lat' dir='ltr'>perequitant</span> <span class='ocrx_word' id='word_1_83' title='bbox 504 1782 538 1839; x_wconf 92' lang='lat' dir='ltr'>et</span> <span class='ocrx_word' id='word_1_84' title='bbox 559 1772 629 1839; x_wconf 89' lang='lat' dir='ltr'>tela</span> <span class='ocrx_word' id='word_1_85' title='bbox 649 1773 816 1839; x_wconf 91' lang='lat' dir='ltr'>coniciunt</span> <span class='ocrx_word' id='word_1_86' title='bbox 836 1781 938 1856; x_wconf 89' lang='lat' dir='ltr'>atque</span> <span class='ocrx_word' id='word_1_87' title='bbox 961 1772 1035 1856; x_wconf 92' lang='lat' dir='ltr'>ipso</span> <span class='ocrx_word' id='word_1_88' title='bbox 1060 1781 1185 1838; x_wconf 89' lang='lat' dir='ltr'>terrore</span> <span class='ocrx_word' id='word_1_89' title='bbox 1196 1741 1334 1857; x_wconf 48' lang='lat' dir='ltr'>gfff„</span> 
     </span>
     <span class='ocr_line' id='line_1_13' title="bbox 134 1872 1313 1962; baseline 0.002 -23"><span class='ocrx_word' id='word_1_90' title='bbox 134 1895 296 1958; x_wconf 91' lang='lat' dir='ltr'>equorum</span> <span class='ocrx_word' id='word_1_91' title='bbox 312 1887 346 1942; x_wconf 92' lang='lat' dir='ltr'>et</span> <span class='ocrx_word' id='word_1_92' title='bbox 364 1878 506 1962; x_wconf 84' lang='lat' dir='ltr'>strepitu</span> <span class='ocrx_word' id='word_1_93' title='bbox 525 1887 672 1943; x_wconf 90' lang='lat' dir='ltr'>rotarum</span> <span class='ocrx_word' id='word_1_94' title='bbox 692 1878 825 1943; x_wconf 87' lang='lat' dir='ltr'>ordines</span> <span class='ocrx_word' id='word_1_95' title='bbox 842 1877 1037 1962; x_wconf 91' lang='lat' dir='ltr'>plerumque</span> <span class='ocrx_word' id='word_1_96' title='bbox 1057 1888 1184 1960; x_wconf 90' lang='lat' dir='ltr'>pertur-</span> <span class='ocrx_word' id='word_1_97' title='bbox 1197 1872 1313 1924; x_wconf 71' lang='lat' dir='ltr'>camora</span> 
     </span>
     <span class='ocr_line' id='line_1_14' title="bbox 134 1965 1185 2064; baseline 0.002 -20"><span class='ocrx_word' id='word_1_98' title='bbox 134 1979 225 2062; x_wconf 87' lang='lat' dir='ltr'>bant,</span> <span class='ocrx_word' id='word_1_99' title='bbox 241 1989 274 2045; x_wconf 89' lang='lat' dir='ltr'>et</span> <span class='ocrx_word' id='word_1_100' title='bbox 291 2001 367 2046; x_wconf 89' lang='lat' dir='ltr'>curn</span> <span class='ocrx_word' id='word_1_101' title='bbox 389 1975 425 2046; x_wconf 77' lang='lat' dir='ltr'>s&#39;e</span> <span class='ocrx_word' id='word_1_102' title='bbox 448 1983 533 2046; x_wconf 91' lang='lat' dir='ltr'>inter</span> <span class='ocrx_word' id='word_1_103' title='bbox 550 1981 700 2064; x_wconf 90' lang='lat' dir='ltr'>equitum</span> <span class='ocrx_word' id='word_1_104' title='bbox 720 1987 848 2046; x_wconf 84' lang='lat' dir='ltr'>tu&#39;rmas</span> <span class='ocrx_word' id='word_1_105' title='bbox 869 1965 1126 2063; x_wconf 88' lang='lat' dir='ltr'>insinuaverunt,</span> <span class='ocrx_word' id='word_1_106' title='bbox 1139 2001 1185 2045; x_wconf 85' lang='lat' dir='ltr'>ex</span> 
     </span>
    </p>

    <p class='ocr_par' dir='ltr' id='par_1_6' title="bbox 104 2062 1254 2378">
     <span class='ocr_line' id='line_1_15' title="bbox 104 2062 1185 2170; baseline 0.001 -20"><span class='ocrx_word' id='word_1_107' title='bbox 104 2115 119 2150; x_wconf 82' lang='lat'>2</span> <span class='ocrx_word' id='word_1_108' title='bbox 134 2084 259 2149; x_wconf 88' lang='lat' dir='ltr'>essedis</span> <span class='ocrx_word' id='word_1_109' title='bbox 274 2077 429 2150; x_wconf 89' lang='lat' dir='ltr'>desiliunt</span> <span class='ocrx_word' id='word_1_110' title='bbox 445 2095 479 2150; x_wconf 89' lang='lat' dir='ltr'>et</span> <span class='ocrx_word' id='word_1_111' title='bbox 493 2085 634 2169; x_wconf 82' lang='lat' dir='ltr'>pedibus</span> <span class='ocrx_word' id='word_1_112' title='bbox 646 2085 858 2168; x_wconf 85' lang='lat' dir='ltr'>proeliantur.</span> <span class='ocrx_word' id='word_1_113' title='bbox 876 2062 1039 2170; x_wconf 41' lang='lat' dir='ltr'>‘Aurigae</span> <span class='ocrx_word' id='word_1_114' title='bbox 1053 2085 1185 2151; x_wconf 90' lang='lat' dir='ltr'>interim</span> 
     </span>
     <span class='ocr_line' id='line_1_16' title="bbox 133 2169 1254 2274; baseline 0.003 -22"><span class='ocrx_word' id='word_1_115' title='bbox 133 2188 296 2271; x_wconf 90' lang='lat' dir='ltr'>paulatim</span> <span class='ocrx_word' id='word_1_116' title='bbox 313 2210 357 2254; x_wconf 86' lang='lat' dir='ltr'>ex</span> <span class='ocrx_word' id='word_1_117' title='bbox 373 2187 499 2272; x_wconf 90' lang='lat' dir='ltr'>proelio</span> <span class='ocrx_word' id='word_1_118' title='bbox 514 2189 682 2254; x_wconf 88' lang='lat' dir='ltr'>excedunt</span> <span class='ocrx_word' id='word_1_119' title='bbox 695 2197 797 2274; x_wconf 89' lang='lat' dir='ltr'>atque</span> <span class='ocrx_word' id='word_1_120' title='bbox 812 2189 860 2254; x_wconf 87' lang='lat' dir='ltr'>ita</span> <span class='ocrx_word' id='word_1_121' title='bbox 874 2169 1010 2254; x_wconf 57' lang='lat' dir='ltr'>currus</span> <span class='ocrx_word' id='word_1_122' title='bbox 1010 2188 1184 2268; x_wconf 88' lang='lat' dir='ltr'>collocant,</span> <span class='ocrx_word' id='word_1_123' title='bbox 1252 2213 1254 2216; x_wconf 66' lang='grc'>’</span> 
     </span>
     <span class='ocr_line' id='line_1_17' title="bbox 134 2290 1215 2378; baseline 0 -22"><span class='ocrx_word' id='word_1_124' title='bbox 134 2302 184 2371; x_wconf 87' lang='lat' dir='ltr'>ut,</span> <span class='ocrx_word' id='word_1_125' title='bbox 197 2292 225 2356; x_wconf 91' lang='lat' dir='ltr'>si</span> <span class='ocrx_word' id='word_1_126' title='bbox 246 2291 295 2356; x_wconf 93' lang='lat' dir='ltr'>illi</span> <span class='ocrx_word' id='word_1_127' title='bbox 316 2313 338 2357; x_wconf 89' lang='lat' dir='ltr'>a</span> <span class='ocrx_word' id='word_1_128' title='bbox 360 2291 572 2357; x_wconf 89' lang='lat' dir='ltr'>multitudine</span> <span class='ocrx_word' id='word_1_129' title='bbox 594 2290 740 2358; x_wconf 91' lang='lat' dir='ltr'>hostium</span> <span class='ocrx_word' id='word_1_130' title='bbox 762 2291 966 2378; x_wconf 81' lang='lat' dir='ltr'>premantur,</span> <span class='ocrx_word' id='word_1_131' title='bbox 988 2293 1184 2375; x_wconf 84' lang='lat' dir='ltr'>expeditum</span> <span class='ocrx_word' id='word_1_132' title='bbox 1211 2292 1215 2298; x_wconf 85' lang='grc'><strong>’</strong></span> 
     </span>
    </p>

    <p class='ocr_par' dir='ltr' id='par_1_7' title="bbox 103 2395 1184 2682">
     <span class='ocr_line' id='line_1_18' title="bbox 103 2395 1184 2481; baseline -0.003 -19"><span class='ocrx_word' id='word_1_133' title='bbox 103 2397 178 2474; x_wconf 79' lang='lat' dir='ltr'>3ad</span> <span class='ocrx_word' id='word_1_134' title='bbox 204 2417 281 2461; x_wconf 89' lang='lat' dir='ltr'>suos</span> <span class='ocrx_word' id='word_1_135' title='bbox 307 2406 476 2481; x_wconf 90' lang='lat' dir='ltr'>receptum</span> <span class='ocrx_word' id='word_1_136' title='bbox 503 2395 655 2462; x_wconf 85' lang='lat' dir='ltr'>habeant.</span> <span class='ocrx_word' id='word_1_137' title='bbox 701 2397 755 2462; x_wconf 87' lang='lat' dir='ltr'>Ita</span> <span class='ocrx_word' id='word_1_138' title='bbox 778 2396 998 2462; x_wconf 88' lang='lat' dir='ltr'>mobilitatem</span> <span class='ocrx_word' id='word_1_139' title='bbox 1024 2395 1184 2478; x_wconf 87' lang='lat' dir='ltr'>equitum,</span> 
     </span>
     <span class='ocr_line' id='line_1_19' title="bbox 132 2499 1183 2585; baseline -0.002 -19"><span class='ocrx_word' id='word_1_140' title='bbox 132 2499 352 2566; x_wconf 88' lang='lat' dir='ltr'>stabilitatem</span> <span class='ocrx_word' id='word_1_141' title='bbox 368 2501 518 2584; x_wconf 91' lang='lat' dir='ltr'>peditum</span> <span class='ocrx_word' id='word_1_142' title='bbox 534 2501 568 2565; x_wconf 93' lang='lat' dir='ltr'>in</span> <span class='ocrx_word' id='word_1_143' title='bbox 583 2499 716 2585; x_wconf 91' lang='lat' dir='ltr'>proeliis</span> <span class='ocrx_word' id='word_1_144' title='bbox 731 2509 909 2583; x_wconf 87' lang='lat' dir='ltr'>praestant,</span> <span class='ocrx_word' id='word_1_145' title='bbox 921 2519 961 2564; x_wconf 87' lang='lat' dir='ltr'>ac</span> <span class='ocrx_word' id='word_1_146' title='bbox 975 2509 1107 2565; x_wconf 87' lang='lat' dir='ltr'>tautum</span> <span class='ocrx_word' id='word_1_147' title='bbox 1122 2519 1183 2564; x_wconf 91' lang='lat' dir='ltr'>usu</span> 
     </span>
     <span class='ocr_line' id='line_1_20' title="bbox 132 2586 1184 2682; baseline 0 -14"><span class='ocrx_word' id='word_1_148' title='bbox 132 2604 305 2670; x_wconf 89' lang='lat' dir='ltr'>cotidiano</span> <span class='ocrx_word' id='word_1_149' title='bbox 334 2614 369 2670; x_wconf 88' lang='lat' dir='ltr'>et</span> <span class='ocrx_word' id='word_1_150' title='bbox 398 2604 639 2670; x_wconf 86' lang='lat' dir='ltr'>exercitatione</span> <span class='ocrx_word' id='word_1_151' title='bbox 670 2603 826 2682; x_wconf 87' lang='lat' dir='ltr'>efficiunt,</span> <span class='ocrx_word' id='word_1_152' title='bbox 853 2604 902 2667; x_wconf 93' lang='lat' dir='ltr'>uti</span> <span class='ocrx_word' id='word_1_153' title='bbox 934 2605 966 2668; x_wconf 91' lang='lat' dir='ltr'>in</span> <span class='ocrx_word' id='word_1_154' title='bbox 996 2586 1114 2668; x_wconf 88' lang='lat' dir='ltr'>declivi</span> <span class='ocrx_word' id='word_1_155' title='bbox 1143 2623 1184 2668; x_wconf 88' lang='lat' dir='ltr'>ac</span> 
     </span>
    </p>

    <p class='ocr_par' dir='ltr' id='par_1_8' title="bbox 101 2706 1184 2898">
     <span class='ocr_line' id='line_1_21' title="bbox 101 2706 1183 2793; baseline -0.002 -20"><span class='ocrx_word' id='word_1_156' title='bbox 101 2709 126 2756; x_wconf 59' lang='lat' dir='ltr'><em>A</em></span> <span class='ocrx_word' id='word_1_157' title='bbox 130 2709 307 2793; x_wconf 89' lang='lat' dir='ltr'>praecipiti</span> <span class='ocrx_word' id='word_1_158' title='bbox 322 2707 395 2774; x_wconf 92' lang='lat' dir='ltr'>loco</span> <span class='ocrx_word' id='word_1_159' title='bbox 411 2709 565 2774; x_wconf 89' lang='lat' dir='ltr'>incitatos</span> <span class='ocrx_word' id='word_1_160' title='bbox 576 2727 681 2790; x_wconf 91' lang='lat' dir='ltr'>equos</span> <span class='ocrx_word' id='word_1_161' title='bbox 695 2707 859 2773; x_wconf 86' lang='lat' dir='ltr'>sustinere</span> <span class='ocrx_word' id='word_1_162' title='bbox 867 2714 902 2772; x_wconf 88' lang='lat' dir='ltr'>et</span> <span class='ocrx_word' id='word_1_163' title='bbox 916 2706 1006 2770; x_wconf 88' lang='lat' dir='ltr'>brevi</span> <span class='ocrx_word' id='word_1_164' title='bbox 1020 2708 1183 2772; x_wconf 88' lang='lat' dir='ltr'>moderari</span> 
     </span>
     <span class='ocr_line' id='line_1_22' title="bbox 131 2810 1184 2898; baseline -0.003 -19"><span class='ocrx_word' id='word_1_165' title='bbox 131 2833 175 2879; x_wconf 90' lang='lat' dir='ltr'>ac</span> <span class='ocrx_word' id='word_1_166' title='bbox 190 2813 322 2878; x_wconf 87' lang='lat' dir='ltr'>flectere</span> <span class='ocrx_word' id='word_1_167' title='bbox 338 2823 372 2878; x_wconf 92' lang='lat' dir='ltr'>et</span> <span class='ocrx_word' id='word_1_168' title='bbox 387 2833 447 2898; x_wconf 91' lang='lat' dir='ltr'>per</span> <span class='ocrx_word' id='word_1_169' title='bbox 460 2822 627 2877; x_wconf 90' lang='lat' dir='ltr'>temonem</span> <span class='ocrx_word' id='word_1_170' title='bbox 639 2831 829 2896; x_wconf 90' lang='lat' dir='ltr'>percurrere</span> <span class='ocrx_word' id='word_1_171' title='bbox 843 2819 877 2875; x_wconf 90' lang='lat' dir='ltr'>et</span> <span class='ocrx_word' id='word_1_172' title='bbox 894 2810 928 2874; x_wconf 95' lang='lat' dir='ltr'>in</span> <span class='ocrx_word' id='word_1_173' title='bbox 941 2810 1019 2894; x_wconf 91' lang='lat' dir='ltr'>iugo</span> <span class='ocrx_word' id='word_1_174' title='bbox 1034 2810 1184 2876; x_wconf 87' lang='lat' dir='ltr'>insistere</span> 
     </span>
    </p>
   </div>
   <div class='ocr_carea' id='block_1_3' title="bbox 132 2903 1041 3000">
    <p class='ocr_par' dir='ltr' id='par_1_9' title="bbox 132 2903 1041 3000">
     <span class='ocr_line' id='line_1_23' title="bbox 132 2903 1041 3000; baseline -0.007 -16"><span class='ocrx_word' id='word_1_175' title='bbox 132 2927 168 2984; x_wconf 86' lang='lat' dir='ltr'>et</span> <span class='ocrx_word' id='word_1_176' title='bbox 186 2937 223 2982; x_wconf 89' lang='lat' dir='ltr'>se</span> <span class='ocrx_word' id='word_1_177' title='bbox 240 2918 316 2981; x_wconf 90' lang='lat' dir='ltr'>inde</span> <span class='ocrx_word' id='word_1_178' title='bbox 331 2917 365 2981; x_wconf 93' lang='lat' dir='ltr'>in</span> <span class='ocrx_word' id='word_1_179' title='bbox 382 2937 494 2982; x_wconf 90' lang='lat' dir='ltr'>currus</span> <span class='ocrx_word' id='word_1_180' title='bbox 510 2903 830 3000; x_wconf 60' lang='lat' dir='ltr'>citimimeleffprere</span> <span class='ocrx_word' id='word_1_181' title='bbox 845 2915 1041 2980; x_wconf 89' lang='lat' dir='ltr'>consuerint.</span> 
     </span>
    </p>
   </div>
   <div class='ocr_carea' id='block_1_4' title="bbox 1094 3012 1142 3028">
    <p class='ocr_par' dir='ltr' id='par_1_10' title="bbox 1094 3012 1142 3028">
     <span class='ocr_line' id='line_1_24' title="bbox 1094 3012 1142 3028; baseline 0 0"><span class='ocrx_word' id='word_1_182' title='bbox 1094 3012 1142 3028; x_wconf 37' lang='grc' dir='ltr'>κ</span> 
     </span>
    </p>
   </div>
   <div class='ocr_carea' id='block_1_5' title="bbox 127 3075 1208 4129">
    <p class='ocr_par' dir='ltr' id='par_1_11' title="bbox 130 3075 1185 3341">
     <span class='ocr_line' id='line_1_25' title="bbox 165 3075 1185 3141; baseline -0.003 -12"><span class='ocrx_word' id='word_1_183' title='bbox 165 3081 237 3138; x_wconf 73' lang='lat' dir='ltr'>eat</span> <span class='ocrx_word' id='word_1_184' title='bbox 252 3091 273 3127; x_wconf 89' lang='lat'>1.</span> <span class='ocrx_word' id='word_1_185' title='bbox 290 3093 326 3127; x_wconf 81' lang='lat' dir='ltr'>ax</span> <span class='ocrx_word' id='word_1_186' title='bbox 341 3079 455 3127; x_wconf 77' lang='lat' dir='ltr'>aaaadla.</span> <span class='ocrx_word' id='word_1_187' title='bbox 488 3075 633 3128; x_wconf 82' lang='lat' dir='ltr'>The‘eaae·</span> <span class='ocrx_word' id='word_1_188' title='bbox 683 3075 760 3141; x_wconf 83' lang='lat' dir='ltr'>being</span> <span class='ocrx_word' id='word_1_189' title='bbox 780 3076 841 3126; x_wconf 79' lang='lat' dir='ltr'>used</span> <span class='ocrx_word' id='word_1_190' title='bbox 863 3076 957 3141; x_wconf 85' lang='lat' dir='ltr'>hythe</span> <span class='ocrx_word' id='word_1_191' title='bbox 976 3076 1056 3127; x_wconf 81' lang='lat' dir='ltr'>Gaola</span> <span class='ocrx_word' id='word_1_192' title='bbox 1074 3077 1104 3126; x_wconf 83' lang='lat' dir='ltr'>ol</span> <span class='ocrx_word' id='word_1_193' title='bbox 1122 3076 1185 3126; x_wconf 81' lang='lat' dir='ltr'>Asia</span> 
     </span>
     <span class='ocr_line' id='line_1_26' title="bbox 130 3139 1185 3219; baseline -0.006 -23"><span class='ocrx_word' id='word_1_194' title='bbox 130 3141 207 3196; x_wconf 87' lang='lat' dir='ltr'>dum’</span> <span class='ocrx_word' id='word_1_195' title='bbox 232 3159 285 3194; x_wconf 67' lang='lat' dir='ltr'>maa</span> <span class='ocrx_word' id='word_1_196' title='bbox 312 3143 365 3193; x_wconf 78' lang='lat' dir='ltr'>also</span> <span class='ocrx_word' id='word_1_197' title='bbox 393 3141 474 3192; x_wconf 85' lang='lat' dir='ltr'>called</span> <span class='ocrx_word' id='word_1_198' title='bbox 503 3139 635 3194; x_wconf 72' lang='lat' dir='ltr'>‘coninua&#39;</span> <span class='ocrx_word' id='word_1_199' title='bbox 684 3142 769 3192; x_wconf 89' lang='lat' dir='ltr'>Minor</span> <span class='ocrx_word' id='word_1_200' title='bbox 792 3141 865 3192; x_wconf 83' lang='lat' dir='ltr'>when</span> <span class='ocrx_word' id='word_1_201' title='bbox 892 3142 952 3207; x_wconf 87' lang='lat' dir='ltr'>they</span> <span class='ocrx_word' id='word_1_202' title='bbox 972 3142 1060 3208; x_wconf 77' lang='lat' dir='ltr'>fought</span> <span class='ocrx_word' id='word_1_203' title='bbox 1087 3143 1185 3219; x_wconf 77' lang='lat' dir='ltr'>against</span> 
     </span>
     <span class='ocr_line' id='line_1_27' title="bbox 130 3205 1183 3274; baseline -0.005 -13"><span class='ocrx_word' id='word_1_204' title='bbox 130 3211 218 3261; x_wconf 84' lang='lat' dir='ltr'>Lucan</span> <span class='ocrx_word' id='word_1_205' title='bbox 241 3211 269 3272; x_wconf 87' lang='lat' dir='ltr'>(i.</span> <span class='ocrx_word' id='word_1_206' title='bbox 291 3208 351 3274; x_wconf 77' lang='lat'>42⁶)</span> <span class='ocrx_word' id='word_1_207' title='bbox 375 3209 482 3260; x_wconf 74' lang='lat' dir='ltr'>ascribet</span> <span class='ocrx_word' id='word_1_208' title='bbox 504 3207 525 3258; x_wconf 95' lang='lat' dir='ltr'>it</span> <span class='ocrx_word' id='word_1_209' title='bbox 545 3214 574 3258; x_wconf 85' lang='lat' dir='ltr'>to</span> <span class='ocrx_word' id='word_1_210' title='bbox 591 3209 633 3258; x_wconf 87' lang='lat' dir='ltr'>the</span> <span class='ocrx_word' id='word_1_211' title='bbox 684 3207 825 3258; x_wconf 80' lang='lat' dir='ltr'>Antiochus</span> <span class='ocrx_word' id='word_1_212' title='bbox 849 3207 928 3258; x_wconf 85' lang='lat' dir='ltr'>Soter.</span> <span class='ocrx_word' id='word_1_213' title='bbox 971 3208 1062 3257; x_wconf 82' lang='lat' dir='ltr'>Florus</span> <span class='ocrx_word' id='word_1_214' title='bbox 1089 3205 1119 3272; x_wconf 85' lang='lat' dir='ltr'>(r.</span> <span class='ocrx_word' id='word_1_215' title='bbox 1144 3222 1183 3270; x_wconf 79' lang='lat'>24,</span> 
     </span>
     <span class='ocr_line' id='line_1_28' title="bbox 130 3269 1185 3341; baseline -0.006 -14"><span class='ocrx_word' id='word_1_216' title='bbox 130 3275 225 3341; x_wconf 81' lang='lat' dir='ltr'>Belgae</span> <span class='ocrx_word' id='word_1_217' title='bbox 684 3277 697 3332; x_wconf 68' lang='lat' dir='ltr'>i</span> <span class='ocrx_word' id='word_1_218' title='bbox 722 3272 763 3338; x_wconf 86' lang='lat'>16)</span> <span class='ocrx_word' id='word_1_219' title='bbox 782 3273 904 3322; x_wconf 82' lang='lat' dir='ltr'>mentions</span> <span class='ocrx_word' id='word_1_220' title='bbox 920 3271 1019 3322; x_wconf 84' lang='lat' dir='ltr'>‘laicati</span> <span class='ocrx_word' id='word_1_221' title='bbox 1039 3269 1140 3322; x_wconf 85' lang='lat' dir='ltr'>currus&#39;</span> <span class='ocrx_word' id='word_1_222' title='bbox 1155 3287 1185 3321; x_wconf 85' lang='lat' dir='ltr'>aa</span> 
     </span>
    </p>

    <p class='ocr_par' dir='ltr' id='par_1_12' title="bbox 165 3337 1208 3404">
     <span class='ocr_line' id='line_1_29' title="bbox 165 3337 1208 3404; baseline -0.005 -13"><span class='ocrx_word' id='word_1_223' title='bbox 165 3346 206 3392; x_wconf 88' lang='lat' dir='ltr'>‘et</span> <span class='ocrx_word' id='word_1_224' title='bbox 217 3339 308 3390; x_wconf 86' lang='lat' dir='ltr'>docilia</span> <span class='ocrx_word' id='word_1_225' title='bbox 321 3347 402 3390; x_wconf 87' lang='lat' dir='ltr'>rector</span> <span class='ocrx_word' id='word_1_226' title='bbox 412 3337 543 3388; x_wconf 83' lang='lat' dir='ltr'>monstrati</span> <span class='ocrx_word' id='word_1_227' title='bbox 553 3337 633 3404; x_wconf 87' lang='lat' dir='ltr'>Belga</span> <span class='ocrx_word' id='word_1_228' title='bbox 681 3353 776 3403; x_wconf 78' lang='lat' dir='ltr'>among</span> <span class='ocrx_word' id='word_1_229' title='bbox 789 3338 832 3388; x_wconf 89' lang='lat' dir='ltr'>the</span> <span class='ocrx_word' id='word_1_230' title='bbox 843 3337 922 3388; x_wconf 83' lang='lat' dir='ltr'>forces</span> <span class='ocrx_word' id='word_1_231' title='bbox 938 3337 1071 3403; x_wconf 83' lang='lat' dir='ltr'>employed</span> <span class='ocrx_word' id='word_1_232' title='bbox 1087 3337 1121 3401; x_wconf 83' lang='lat' dir='ltr'>by</span> <span class='ocrx_word' id='word_1_233' title='bbox 1131 3337 1184 3386; x_wconf 80' lang='lat' dir='ltr'>An·</span> <span class='ocrx_word' id='word_1_234' title='bbox 1207 3346 1208 3349; x_wconf 77' lang='grc'>’</span> 
     </span>
    </p>

    <p class='ocr_par' dir='ltr' id='par_1_13' title="bbox 197 3402 1183 3467">
     <span class='ocr_line' id='line_1_30' title="bbox 197 3402 1183 3467; baseline -0.003 -10"><span class='ocrx_word' id='word_1_235' title='bbox 197 3405 298 3458; x_wconf 72' lang='lat' dir='ltr'>covini!</span> <span class='ocrx_word' id='word_1_236' title='bbox 682 3403 782 3454; x_wconf 79' lang='lat' dir='ltr'>tioehm</span> <span class='ocrx_word' id='word_1_237' title='bbox 817 3403 860 3453; x_wconf 91' lang='lat' dir='ltr'>the</span> <span class='ocrx_word' id='word_1_238' title='bbox 893 3403 971 3453; x_wconf 85' lang='lat' dir='ltr'>Great</span> <span class='ocrx_word' id='word_1_239' title='bbox 1005 3402 1104 3467; x_wconf 61' lang='lat' dir='ltr'>against</span> <span class='ocrx_word' id='word_1_240' title='bbox 1139 3402 1183 3454; x_wconf 87' lang='lat' dir='ltr'>the</span> 
     </span>
    </p>

    <p class='ocr_par' dir='ltr' id='par_1_14' title="bbox 127 3466 1183 4129">
     <span class='ocr_line' id='line_1_31' title="bbox 130 3466 1183 3536; baseline -0.006 -13"><span class='ocrx_word' id='word_1_241' title='bbox 130 3471 235 3523; x_wconf 80' lang='lat' dir='ltr'>Tacitus</span> <span class='ocrx_word' id='word_1_242' title='bbox 247 3473 319 3536; x_wconf 78' lang='lat' dir='ltr'>(Agr.</span> <span class='ocrx_word' id='word_1_243' title='bbox 334 3483 372 3534; x_wconf 77' lang='lat'>35,</span> <span class='ocrx_word' id='word_1_244' title='bbox 386 3469 429 3533; x_wconf 78' lang='lat'>36)</span> <span class='ocrx_word' id='word_1_245' title='bbox 444 3469 534 3536; x_wconf 79' lang='lat' dir='ltr'>speaks</span> <span class='ocrx_word' id='word_1_246' title='bbox 550 3469 579 3518; x_wconf 82' lang='lat' dir='ltr'>oi</span> <span class='ocrx_word' id='word_1_247' title='bbox 589 3467 632 3519; x_wconf 90' lang='lat' dir='ltr'>the</span> <span class='ocrx_word' id='word_1_248' title='bbox 682 3469 803 3520; x_wconf 82' lang='lat' dir='ltr'>Romans.</span> <span class='ocrx_word' id='word_1_249' title='bbox 836 3469 884 3518; x_wconf 88' lang='lat' dir='ltr'>We</span> <span class='ocrx_word' id='word_1_250' title='bbox 898 3467 1030 3532; x_wconf 83' lang='lat' dir='ltr'>mayiufer</span> <span class='ocrx_word' id='word_1_251' title='bbox 1043 3467 1098 3518; x_wconf 82' lang='lat' dir='ltr'>that</span> <span class='ocrx_word' id='word_1_252' title='bbox 1113 3466 1183 3517; x_wconf 82' lang='lat' dir='ltr'>these</span> 
     </span>
     <span class='ocr_line' id='line_1_32' title="bbox 131 3531 1182 3598; baseline -0.005 -10"><span class='ocrx_word' id='word_1_253' title='bbox 131 3535 488 3588; x_wconf 80' lang='lat' dir='ltr'>Caledoniancbarioteeraas‘</span> <span class='ocrx_word' id='word_1_254' title='bbox 497 3531 632 3584; x_wconf 70' lang='lat' dir='ltr'>covlnarii!</span> <span class='ocrx_word' id='word_1_255' title='bbox 680 3549 745 3584; x_wconf 80' lang='lat' dir='ltr'>were</span> <span class='ocrx_word' id='word_1_256' title='bbox 757 3533 882 3584; x_wconf 76' lang='lat' dir='ltr'>Galatiam</span> <span class='ocrx_word' id='word_1_257' title='bbox 910 3533 957 3598; x_wconf 90' lang='lat' dir='ltr'>Cp.</span> <span class='ocrx_word' id='word_1_258' title='bbox 970 3533 1037 3583; x_wconf 84' lang='lat' dir='ltr'>Flor.</span> <span class='ocrx_word' id='word_1_259' title='bbox 1048 3533 1065 3582; x_wconf 87' lang='lat' dir='ltr'>i.</span> <span class='ocrx_word' id='word_1_260' title='bbox 1079 3541 1119 3595; x_wconf 76' lang='grc' dir='ltr'>η,</span> <span class='ocrx_word' id='word_1_261' title='bbox 1132 3537 1145 3592; x_wconf 65' lang='lat'>5</span> <span class='ocrx_word' id='word_1_262' title='bbox 1159 3548 1182 3583; x_wconf 83' lang='lat' dir='ltr'>a.</span> 
     </span>
     <span class='ocr_line' id='line_1_33' title="bbox 129 3595 1117 3668; baseline -0.008 -14"><span class='ocrx_word' id='word_1_263' title='bbox 129 3603 202 3654; x_wconf 84' lang='lat' dir='ltr'>Mela</span> <span class='ocrx_word' id='word_1_264' title='bbox 225 3602 271 3668; x_wconf 82' lang='lat' dir='ltr'>(iii</span> <span class='ocrx_word' id='word_1_265' title='bbox 297 3606 310 3662; x_wconf 67' lang='lat'><strong>5</strong></span> <span class='ocrx_word' id='word_1_266' title='bbox 334 3603 379 3666; x_wconf 78' lang='lat'>5²)</span> <span class='ocrx_word' id='word_1_267' title='bbox 402 3615 459 3667; x_wconf 79' lang='lat' dir='ltr'>aaya</span> <span class='ocrx_word' id='word_1_268' title='bbox 481 3599 536 3650; x_wconf 84' lang='lat' dir='ltr'>that</span> <span class='ocrx_word' id='word_1_269' title='bbox 561 3600 631 3650; x_wconf 76' lang='lat' dir='ltr'>these</span> <span class='ocrx_word' id='word_1_270' title='bbox 681 3595 1117 3663; x_wconf 79' lang='lat' dir='ltr'>Siliualtalicua(xvii.417‚418)aa</span> 
     </span>
     <span class='ocr_line' id='line_1_34' title="bbox 130 3663 1182 3731; baseline -0.006 -12"><span class='ocrx_word' id='word_1_271' title='bbox 130 3669 241 3720; x_wconf 75' lang='lat' dir='ltr'>cbariota</span> <span class='ocrx_word' id='word_1_272' title='bbox 267 3667 317 3717; x_wconf 81' lang='lat' dir='ltr'>had</span> <span class='ocrx_word' id='word_1_273' title='bbox 340 3665 439 3731; x_wconf 79' lang='lat' dir='ltr'>scythes</span> <span class='ocrx_word' id='word_1_274' title='bbox 463 3664 579 3716; x_wconf 79' lang='lat' dir='ltr'>attached</span> <span class='ocrx_word' id='word_1_275' title='bbox 603 3672 631 3716; x_wconf 91' lang='lat' dir='ltr'>to</span> <span class='ocrx_word' id='word_1_276' title='bbox 701 3664 838 3719; x_wconf 83' lang='lat' dir='ltr'>‘Caerulus</span> <span class='ocrx_word' id='word_1_277' title='bbox 856 3663 922 3714; x_wconf 86' lang='lat' dir='ltr'>haud</span> <span class='ocrx_word' id='word_1_278' title='bbox 938 3663 1020 3724; x_wconf 83' lang='lat' dir='ltr'>aliter,</span> <span class='ocrx_word' id='word_1_279' title='bbox 1035 3677 1093 3714; x_wconf 82' lang='lat' dir='ltr'>cum</span> <span class='ocrx_word' id='word_1_280' title='bbox 1127 3665 1133 3677; x_wconf 91' lang='grc'><strong>’</strong></span> <span class='ocrx_word' id='word_1_281' title='bbox 1164 3665 1182 3702; x_wconf 87' lang='grc'>’-</span> 
     </span>
     <span class='ocr_line' id='line_1_35' title="bbox 130 3728 995 3796; baseline -0.006 -12"><span class='ocrx_word' id='word_1_282' title='bbox 130 3734 196 3784; x_wconf 84' lang='lat' dir='ltr'>their</span> <span class='ocrx_word' id='word_1_283' title='bbox 203 3733 305 3794; x_wconf 77' lang='lat' dir='ltr'>wheela,</span> <span class='ocrx_word' id='word_1_284' title='bbox 315 3732 448 3784; x_wconf 82' lang='lat' dir='ltr'>‘dimicant</span> <span class='ocrx_word' id='word_1_285' title='bbox 458 3747 509 3780; x_wconf 87' lang='lat' dir='ltr'>nou</span> <span class='ocrx_word' id='word_1_286' title='bbox 519 3731 631 3796; x_wconf 87' lang='lat' dir='ltr'>equitatu</span> <span class='ocrx_word' id='word_1_287' title='bbox 746 3737 795 3790; x_wconf 83' lang='lat' dir='ltr'>cat,</span> <span class='ocrx_word' id='word_1_288' title='bbox 805 3729 888 3780; x_wconf 85' lang='lat' dir='ltr'>incola</span> <span class='ocrx_word' id='word_1_289' title='bbox 899 3728 995 3780; x_wconf 82' lang='lat' dir='ltr'>Thalea</span> 
     </span>
     <span class='ocr_line' id='line_1_36' title="bbox 129 3794 1182 3863; baseline -0.004 -13"><span class='ocrx_word' id='word_1_290' title='bbox 129 3800 208 3850; x_wconf 86' lang='lat' dir='ltr'>modo</span> <span class='ocrx_word' id='word_1_291' title='bbox 223 3806 269 3849; x_wconf 83' lang='lat' dir='ltr'>ant</span> <span class='ocrx_word' id='word_1_292' title='bbox 284 3797 376 3863; x_wconf 86' lang='lat' dir='ltr'>pedite,</span> <span class='ocrx_word' id='word_1_293' title='bbox 387 3813 472 3848; x_wconf 79' lang='lat' dir='ltr'>verum</span> <span class='ocrx_word' id='word_1_294' title='bbox 486 3805 512 3847; x_wconf 90' lang='lat' dir='ltr'>et</span> <span class='ocrx_word' id='word_1_295' title='bbox 526 3795 591 3861; x_wconf 82' lang='lat' dir='ltr'>bigis</span> <span class='ocrx_word' id='word_1_296' title='bbox 606 3803 631 3846; x_wconf 87' lang='lat' dir='ltr'>et</span> <span class='ocrx_word' id='word_1_297' title='bbox 714 3794 1182 3860; x_wconf 81' lang='lat' dir='ltr'>Agminaialcit&#39;erocircumvenitarcta</span> 
     </span>
     <span class='ocr_line' id='line_1_37' title="bbox 129 3859 869 3917; baseline -0.008 -1"><span class='ocrx_word' id='word_1_298' title='bbox 129 3865 242 3917; x_wconf 85' lang='lat' dir='ltr'>curribus</span> <span class='ocrx_word' id='word_1_299' title='bbox 261 3863 360 3914; x_wconf 83' lang='lat' dir='ltr'>Gallice</span> <span class='ocrx_word' id='word_1_300' title='bbox 381 3863 497 3913; x_wconf 81' lang='lat' dir='ltr'>armatis:</span> <span class='ocrx_word' id='word_1_301' title='bbox 522 3861 631 3912; x_wconf 84' lang='lat' dir='ltr'>“covin·</span> <span class='ocrx_word' id='word_1_302' title='bbox 746 3859 869 3911; x_wconf 66' lang='lat' dir='ltr'>aovinnol</span> 
     </span>
     <span class='ocr_line' id='line_1_38' title="bbox 127 3925 1183 3994; baseline -0.005 -13"><span class='ocrx_word' id='word_1_303' title='bbox 127 3947 174 3981; x_wconf 79' lang='lat' dir='ltr'>nos</span> <span class='ocrx_word' id='word_1_304' title='bbox 181 3928 197 3953; x_wconf 84' lang='lat'><strong>”</strong></span> <span class='ocrx_word' id='word_1_305' title='bbox 207 3938 307 3991; x_wconf 81' lang='lat' dir='ltr'>vocant,</span> <span class='ocrx_word' id='word_1_306' title='bbox 319 3943 425 3994; x_wconf 88' lang='lat' dir='ltr'>quornm</span> <span class='ocrx_word' id='word_1_307' title='bbox 436 3927 534 3979; x_wconf 76' lang='lat' dir='ltr'>falcatis</span> <span class='ocrx_word' id='word_1_308' title='bbox 544 3927 632 3978; x_wconf 79' lang='lat' dir='ltr'>axibus</span> <span class='ocrx_word' id='word_1_309' title='bbox 680 3925 862 3987; x_wconf 74' lang='lat' dir='ltr'>Nemtheleaa,</span> <span class='ocrx_word' id='word_1_310' title='bbox 869 3941 898 3976; x_wconf 81' lang='lat' dir='ltr'>aa</span> <span class='ocrx_word' id='word_1_311' title='bbox 909 3925 1002 3977; x_wconf 71' lang='lat' dir='ltr'>Caeam</span> <span class='ocrx_word' id='word_1_312' title='bbox 1012 3941 1069 3990; x_wconf 82' lang='lat' dir='ltr'>aaya</span> <span class='ocrx_word' id='word_1_313' title='bbox 1076 3925 1183 3991; x_wconf 86' lang='lat' dir='ltr'>nothing</span> 
     </span>
     <span class='ocr_line' id='line_1_39' title="bbox 127 3991 1182 4061; baseline -0.008 -13"><span class='ocrx_word' id='word_1_314' title='bbox 127 3996 244 4048; x_wconf 69' lang='lat' dir='ltr'>utuntur:</span> <span class='ocrx_word' id='word_1_315' title='bbox 274 3994 369 4044; x_wconf 88' lang='lat' dir='ltr'>Lucian</span> <span class='ocrx_word' id='word_1_316' title='bbox 380 3994 466 4061; x_wconf 76' lang='lat' dir='ltr'>(Zeus.</span> <span class='ocrx_word' id='word_1_317' title='bbox 478 3993 519 4044; x_wconf 85' lang='lat' dir='ltr'>vel</span> <span class='ocrx_word' id='word_1_318' title='bbox 530 3994 591 4044; x_wconf 79' lang='lat' dir='ltr'>Aut.</span> <span class='ocrx_word' id='word_1_319' title='bbox 603 3993 631 4056; x_wconf 87' lang='grc'>8)</span> <span class='ocrx_word' id='word_1_320' title='bbox 682 3994 760 4042; x_wconf 85' lang='lat' dir='ltr'>about</span> <span class='ocrx_word' id='word_1_321' title='bbox 770 3991 876 4055; x_wconf 74' lang='lat' dir='ltr'>scythen,</span> <span class='ocrx_word' id='word_1_322' title='bbox 884 4006 922 4042; x_wconf 82' lang='lat' dir='ltr'>we</span> <span class='ocrx_word' id='word_1_323' title='bbox 934 3998 1000 4042; x_wconf 78' lang='lat' dir='ltr'>must</span> <span class='ocrx_word' id='word_1_324' title='bbox 1009 4007 1118 4058; x_wconf 77' lang='lat' dir='ltr'>suppone</span> <span class='ocrx_word' id='word_1_325' title='bbox 1126 3991 1182 4042; x_wconf 86' lang='lat' dir='ltr'>that</span> 
     </span>
     <span class='ocr_line' id='line_1_40' title="bbox 127 4056 1143 4129; baseline -0.006 -16"><span class='ocrx_word' id='word_1_326' title='bbox 127 4061 219 4129; x_wconf 82' lang='lat' dir='ltr'>apealra</span> <span class='ocrx_word' id='word_1_327' title='bbox 241 4059 272 4111; x_wconf 85' lang='lat' dir='ltr'>ol</span> <span class='ocrx_word' id='word_1_328' title='bbox 290 4057 387 4125; x_wconf 70' lang='lat' dir='ltr'>lippara</span> <span class='ocrx_word' id='word_1_329' title='bbox 409 4057 578 4125; x_wconf 70' lang='grc' dir='ltr'>δρεπανηφόρα</span> <span class='ocrx_word' id='word_1_330' title='bbox 605 4075 633 4110; x_wconf 87' lang='lat' dir='ltr'>aa</span> <span class='ocrx_word' id='word_1_331' title='bbox 681 4057 747 4109; x_wconf 73' lang='lat' dir='ltr'>these</span> <span class='ocrx_word' id='word_1_332' title='bbox 758 4056 866 4108; x_wconf 75' lang='lat' dir='ltr'>obarima</span> <span class='ocrx_word' id='word_1_333' title='bbox 876 4072 941 4108; x_wconf 78' lang='lat' dir='ltr'>nere</span> <span class='ocrx_word' id='word_1_334' title='bbox 949 4058 1056 4108; x_wconf 76' lang='lat' dir='ltr'>without</span> <span class='ocrx_word' id='word_1_335' title='bbox 1067 4057 1143 4108; x_wconf 85' lang='lat' dir='ltr'>them</span> 
     </span>
    </p>
   </div>
   <div class='ocr_carea' id='block_1_6' title="bbox 0 0 1496 4992">
    <p class='ocr_par' dir='ltr' id='par_1_15' title="bbox 0 0 1496 4992">
     <span class='ocr_line' id='line_1_41' title="bbox 0 0 1496 4992; baseline 0 1"><span class='ocrx_word' id='word_1_336' title='bbox 0 0 1496 4992; x_wconf 95' lang='lat' dir='ltr'> </span> 
     </span>
    </p>
   </div>
  </div>
 </body>
</html>
