2984 4992
314 547 356 610 26
667 554 1027 609 cruentissimis
1264 554 1373 622 [rea-

316 721 456 785 dixerat.
502 718 593 785 Dicit
607 718 743 784 liberius
757 728 860 803 atque
880 718 1049 785 audacius.
1094 716 1225 781 Eadem
1239 725 1370 781 secreto

318 823 362 889 ab
384 822 458 889 aliis
478 823 629 907 quaerit;
653 822 776 907 reperit
794 842 866 887 esse
886 842 985 887 vera:
1010 822 1138 907 ‘ipsum
1162 840 1235 885 esse
1260 819 1401 899 Dum-3

318 926 477 1010 notigem
492 946 624 991 summa
645 922 794 1007 audacia,
816 944 940 1009 magna
961 926 1052 1011 apud
1074 924 1206 1008 plebem
1230 932 1370 1007 propter

317 1030 550 1097 liberalitatem
580 1030 695 1113 gratia,
722 1030 881 1114 cupidum
911 1048 1020 1095 rerum
1049 1048 1218 1094 novamne
1264 1026 1369 1093 Com·

319 1132 429 1220 plures
465 1154 569 1199 anuos
606 1134 754 1219 portoria
789 1135 982 1218 reliquaque
1018 1134 1131 1199 omnia
1168 1130 1369 1197 Aeduorum

318 1237 495 1323 vectigalia
510 1258 612 1323 parvo
628 1238 735 1323 pretio
750 1239 923 1321 redempta
937 1237 1069 1316 habere,
1084 1246 1262 1321 propterea
1275 1234 1368 1317 quod

321 1342 379 1407 illo
402 1342 521 1407 licente
545 1352 660 1406 contra
683 1342 773 1407 liceri
802 1343 925 1407 audeat
954 1361 1063 1406 neruo.
1110 1340 1175 1404 His
1205 1338 1304 1403 rebus
1332 1348 1403 1403 ete

319 1464 414 1511 suam
430 1466 499 1510 rem
514 1446 710 1510 familiarem
725 1446 859 1511 auxisse
869 1455 905 1511 et
916 1444 1092 1511 facultates
1104 1444 1148 1508 ad
1160 1440 1370 1527 largiendum

321 1570 459 1634 magnas
476 1570 707 1633 comparasse;
734 1568 894 1631 magnum
921 1568 1096 1614 numerum
1118 1548 1288 1629 equitatus
1306 1564 1400 1622 suos

320 1662 456 1737 sumptu
473 1672 606 1737 semper
624 1653 711 1719 alere
731 1663 766 1718 et
788 1652 911 1718 circum
931 1672 968 1717 se
988 1652 1120 1730 habere,
1134 1670 1245 1733 neque
1258 1648 1401 1715 solumo

320 1759 421 1831 domi,
442 1756 502 1822 sed
528 1757 629 1821 etiam
651 1756 741 1842 apud
765 1755 922 1822 finitimas
943 1758 1095 1821 civitates
1115 1754 1249 1839 largiter
1270 1774 1371 1838 posse

320 1868 422 1943 atque
450 1860 548 1925 huius
579 1862 751 1945 potentiae
786 1880 886 1927 causa
922 1870 1063 1925 matrem
1091 1860 1126 1924 in
1164 1858 1372 1941 Biturigibus

320 1963 445 2027 homini
460 1963 527 2027 illic
543 1962 749 2029 nobilissimo
759 1984 799 2029 ac
813 1965 1045 2049 potentissimo
1058 1963 1249 2041 collocasse,
1259 1963 1372 2047 ipsum
1387 1986 1402 2033 t

321 2087 365 2131 ex
383 2066 547 2133 Helvetiis
569 2087 709 2131 uxorem
731 2067 863 2143 habere,
879 2087 1027 2134 sororem
1047 2088 1093 2133 ex
1112 2078 1219 2133 matre
1238 2076 1274 2131 et
1293 2086 1371 2149 pro-

321 2173 463 2255 pinquas
498 2192 575 2236 suas
616 2180 758 2256 nuptum
796 2174 831 2237 in
867 2172 950 2238 alias
992 2174 1143 2238 civitates
1178 2170 1371 2236 collocasse

321 2276 447 2341 Favere
477 2287 511 2341 et
541 2295 659 2359 cupere
691 2274 854 2341 Helvetiis
883 2287 1020 2362 propter
1056 2297 1131 2341 eam
1162 2275 1401 2353 affinitatem‚s

322 2380 431 2447 odisse
454 2380 555 2444 etiam
579 2399 640 2445 suo
663 2380 798 2444 nomine
820 2379 997 2447 Caesarem
1020 2391 1055 2446 et
1079 2380 1264 2456 Romanos,
1279 2380 1372 2462 quod

321 2504 436 2550 eorum
463 2485 608 2549 adventu
636 2486 787 2569 potentia
813 2486 886 2549 eius
911 2485 1096 2564 deminuta,
1119 2495 1155 2549 et
1185 2482 1373 2549 Divitiacus

321 2588 421 2653 irater
453 2588 487 2651 in
518 2589 694 2671 antiquum
725 2587 836 2655 locum
866 2589 993 2674 gratiae
1021 2599 1125 2672 atque
1154 2588 1290 2654 honoris
1326 2588 1372 2652 sit

322 2693 502 2757 restitutus.
547 2691 683 2774 Siquid
702 2692 832 2758 accidat
849 2694 1021 2771 Romanis,
1036 2713 1203 2759 summam
1223 2693 1257 2756 in
1275 2710 1400 2776 spemn

322 2816 382 2879 per
407 2794 583 2862 Helvetios
607 2796 700 2881 regni
727 2796 898 2863 obtinendi
923 2798 1058 2877 venire3
1091 2798 1231 2881 imperio
1256 2795 1373 2881 populi

355 2934 396 2979 te.
410 2936 422 2989 t
438 2934 591 2993 3.lpsum.⁸
631 2932 759 2997 nonatty!
776 2934 825 2984 We
870 2933 975 2985 another
990 2932 1072 2984 called
1088 2935 1122 2998 by
1138 2934 1228 2984 Strabo
1243 2932 1287 2984 the
1304 2934 1374 2983 Bitu·

322 2995 591 3047 havetheaameuseo
612 2996 823 3065 ‘ipse'lnhegin
870 2999 1308 3066 rigesloaci(-Vivisei)whoseoa
1327 2997 1374 3048 ital

322 3060 383 3125 ning
401 3075 417 3110 a
435 3061 585 3127 description
605 3063 630 3111 iu
649 3064 691 3113 vil.
710 3062 751 3129 69,
773 3067 786 3123 l
810 3078 821 3114 t
870 3080 922 3115 was
944 3064 1080 3131 Burdigala
1103 3064 1265 3129 (Bordeaux).
1342 3080 1373 3128 ey

323 3128 423 3192 ‘lpsutu
432 3134 485 3177 erat
494 3128 616 3193 oppidum
625 3127 712 3179 Alesia
722 3130 749 3179 in
757 3128 824 3180 colle
870 3146 934 3180 were
955 3130 999 3181 the
1019 3130 1080 3195 only
1098 3130 1182 3181 Celtic
1201 3129 1292 3195 people
1314 3129 1373 3179 who

322 3191 436 3243 summo!
869 3196 1131 3262 dwelttnhqutunia
1142 3196 1201 3259 (Str.
1214 3196 1247 3247 iv.
1263 3210 1285 3257 a,
1299 3197 1313 3255 ς
1328 3194 1363 3259 1).

357 3257 824 3352 §6.lmgltsapoue‚¹hphadgrut
905 3266 959 3325 Μ.
976 3276 1102 3339 pxonm.
1137 3261 1193 3311 The
1208 3260 1332 3327 daughter
1347 3259 1377 3311 oi

321 3322 825 3455 ildussirsstitiiussiiii‘ss
870 3326 1248 3451 &timiam
1264 3390 1374 3442 ma

322 3456 390 3507 these
408 3470 531 3507 mensures
548 3457 580 3507 he
600 3456 650 3506 had
671 3458 791 3508 achieued
807 3472 824 3507 a
870 3458 929 3508 well
951 3466 979 3508 to
999 3458 1042 3509 the
1061 3458 1189 3509 Helveti'u'
1222 3458 1324 3507 [mcead
1346 3454 1377 3507 oi

321 3530 391 3586 great
402 3519 495 3571 result)
869 3541 886 3574 a
894 3524 987 3584 dative,
996 3522 1085 3583 ‘tuea,'
1092 3528 1099 3552 ‘
1107 3522 1168 3584 tua,'
1177 3527 1234 3581 dte„
1242 3520 1374 3573 ‘uusa'is

356 3590 388 3635 in
399 3591 586 3646 Biturigibus.
603 3588 658 3638 The
668 3604 743 3639 name
754 3589 824 3639 Bitu·
871 3590 1014 3641 sometimes
1028 3589 1114 3640 ionnd.
1147 3589 1202 3640 Cic.
1219 3589 1296 3638 Rosc
1313 3589 1372 3639 Aut.
1485 3609 1486 3618 ¹

323 3653 388 3715 riges
404 3653 426 3701 is
442 3652 566 3717 supposed
583 3661 610 3704 to
630 3668 701 3703 mean
719 3654 824 3704 ‘world
873 3658 886 3714 ς
901 3668 948 3719 149
960 3658 1107 3706 ‘maeausa
1118 3651 1365 3719 cupereacdehne'
1485 3699 1486 3722 p

323 3715 412 3781 iringa'
430 3719 498 3767 'bitu
516 3720 590 3783 being
606 3719 735 3769 thesaure
754 3719 824 3769 word
904 3724 975 3772 eiua.
994 3720 1104 3771 Wehad
1115 3718 1281 3771 ‘suo’above
1291 3720 1373 3770 where
1485 3725 1486 3728 ’

324 3780 406 3831 which
423 3798 461 3832 we
479 3782 541 3834 have
560 3786 585 3835 in
604 3785 648 3835 the
665 3784 753 3835 Welsh
768 3785 824 3849 lyd,
870 3786 1011 3837 Dumnorix
1027 3801 1079 3836 was
1095 3785 1138 3837 the
1154 3784 1301 3836 immediate
1319 3785 1373 3835 suh-

324 3845 417 3906 world:
432 3848 495 3897 Irlsh
505 3849 566 3909 tut,
575 3865 630 3914 geu.
641 3848 725 3900 hetdo)
745 3852 824 3915 Rhya.
868 3851 928 3916 ject.

323 3912 405 3962 There
416 3928 479 3963 were
489 3922 540 3964 two
550 3916 626 3966 tribes
641 3916 670 3966 oi
682 3914 732 3966 thia
742 3932 823 3976 name,
906 3921 951 3982 ῆς.
962 3919 1210 3977 eenlobtlueudl,
1219 3915 1264 3965 ‘oi
1269 3915 1374 3979 holding

323 3976 366 4027 the
387 3978 511 4043 Bituriges
532 3980 607 4039 Cubi,
623 3980 707 4032 whose
728 3982 824 4047 capital
871 3983 940 4033 rule'
981 3983 1028 4035 See
1049 3983 1067 4034 i.
1091 3998 1115 4047 3,
1138 3985 1153 4042 i
1176 3981 1193 4032 6
1216 3983 1375 4033 ‘obtenturus

323 4058 375 4093 was
395 4044 529 4095 Avaricum
550 4044 603 4111 (vii.
623 4058 664 4111 13,
684 4053 698 4107 ς
720 4046 757 4112 3),
773 4046 824 4098 aud
870 4047 950 4101 suet!
