2984 4992
144 532 229 599 434]
376 534 429 585 DE
452 534 576 586 BELLO
601 535 769 587 GALLICO.
822 536 895 587 ΗΒ.
923 536 963 587 VI
1134 544 1193 607 235

116 714 217 758 asese
241 704 445 778 receperunt.
491 695 546 761 Ac
571 706 684 763 tantus
711 694 772 763 fuit
796 696 895 763 etiam
919 707 995 779 post
1013 696 1194 762 discessum
1206 706 1354 772 levingus

143 797 289 863 hostium
305 810 416 875 terror,
433 808 471 863 ut
486 820 526 865 ea
541 809 648 881 nocte,
663 822 738 865 cum
756 800 859 866 Gaius
872 800 1062 866 Volusenus
1077 801 1195 866 missus
1206 772 1350 889 {ffic-

144 920 220 965 cum
237 904 387 985 equitatu
402 905 446 969 ad
461 914 569 970 castra
583 906 737 982 venisset,
750 904 850 971 fidem
864 924 932 969 non
944 904 1067 970 laceret
1078 906 1195 971 adesse
1206 854 1348 953 wlffi-

113 1024 219 1082 3cum
245 1006 401 1072 incolumi
426 1006 603 1073 Caesarem
630 1010 790 1080 exercitu.
835 1008 890 1073 Sic
911 1008 1048 1073 omnino
1066 1009 1196 1074 animos

143 1111 243 1174 timor
258 1122 566 1195 praeoccupaverat,
581 1122 618 1177 ut
638 1132 743 1196 paene
763 1113 909 1178 alienata
929 1124 1040 1177 mente
1059 1113 1196 1177 ‘deletis

142 1214 296 1278 omuibus
311 1216 416 1298 copiis
430 1217 615 1299 equitatum
630 1237 666 1281 se
685 1237 730 1280 ex
745 1218 825 1300 luga
844 1215 1023 1300 recepisse'
1038 1218 1195 1294 dicerent,

141 1320 268 1401 ‘neque
288 1318 442 1383 incolumi
457 1321 606 1385 exercitu
623 1320 808 1385 Germanos
822 1331 931 1386 castra
944 1329 1194 1404 oppugnaturos

111 1443 127 1489 4
143 1419 259 1486 fuisse’
272 1425 518 1489 contenderent
565 1423 675 1506 Quem
692 1426 847 1489 timorem
860 1424 1012 1489 Caesaris
1031 1425 1194 1490 adventus

142 1526 286 1591 sustulit.

80 1645 129 1697 42
187 1630 352 1695 Reversus
374 1630 430 1696 ille
449 1640 587 1697 eventus
606 1631 685 1697 belli
709 1652 776 1697 non
797 1632 953 1716 ignorans
976 1652 1086 1709 unum,
1101 1631 1191 1714 quod
1206 1636 1362 1689 ctesn'sre-

142 1732 296 1799 cohortes
311 1755 355 1800 ex
371 1735 512 1801 statione
526 1744 562 1800 et
583 1736 750 1818 praesidio
765 1746 877 1801 essent
889 1736 1040 1809 emissae,
1056 1746 1193 1820 questus
1204 1705 1353 1821 {ffssffl

143 1836 211 1921 ‘ine
221 1840 360 1903 minimo
368 1840 504 1922 quidem
514 1860 591 1904 casu
602 1840 711 1904 locum
721 1840 861 1923 relinqui
873 1838 1042 1926 debuisse)
1051 1839 1193 1904 multum

141 1942 308 2007 fortunam
317 1942 351 2006 in
362 1943 534 2027 repentino
545 1940 692 2008 hostium
702 1945 847 2009 adventu
860 1944 1011 2027 potuisse
1026 1944 1194 2022 iudicavit,

113 2077 125 2109 ι
142 2046 249 2109 multo
264 2046 363 2109 etiam
378 2046 530 2130 amplius,
545 2049 636 2130 quod
652 2068 758 2131 paene
773 2046 817 2110 ab
829 2048 906 2132 ipso
919 2046 1009 2111 vallo
1023 2049 1195 2129 portisque

113 2174 127 2222 3
140 2159 323 2213 castrorum
337 2150 496 2221 barbaros
512 2148 703 2215 avertisset.’
750 2149 900 2234 Quarum
914 2151 1063 2214 omnium
1086 2171 1193 2214 rerum

141 2252 290 2317 maxime
312 2252 544 2319 admirandum
566 2253 750 2330 videbatur,
771 2256 861 2337 quod
886 2253 1054 2333 Germani,
1074 2254 1129 2337 qui
1152 2274 1194 2319 eo

140 2356 278 2421 consilio
291 2356 446 2421 Rhenum
457 2357 661 2437 transierant,
671 2368 708 2422 ut
722 2358 931 2441 Ambiorigis
946 2356 1027 2421 fines
1042 2358 1193 2441 depopu-

139 2458 296 2537 larentur,
325 2461 368 2525 ad
406 2469 514 2525 castra
552 2462 785 2526 Romanorum
816 2460 917 2526 delati
947 2459 1193 2543 optatissimum

142 2562 331 2646 AmbiorIgi
353 2563 552 2629 beneficium
572 2564 774 2630 obtulerunt.

72 2684 121 2737 43
186 2666 308 2731 Caesar
333 2688 444 2732 rursus
470 2668 513 2732 ad
537 2668 712 2733 vexandos
733 2667 847 2731 hostes
875 2666 1041 2749 proiectus
1071 2686 1194 2752 magno
1207 2674 1330 2750 Reuewed

140 2780 256 2834 coacto
280 2792 418 2835 numero
439 2792 485 2835 ex
508 2769 657 2836 finitimis
679 2770 867 2835 civitatibus
887 2770 922 2834 in
944 2790 1060 2835 omnes
1082 2780 1194 2854 partes
1206 2740 1360 2855 gffimm

110 2907 123 2939 ι
139 2873 290 2939 dimittit.
321 2874 447 2940 Omnes
461 2874 524 2939 vici
540 2883 641 2958 atque
655 2873 769 2939 omnia
782 2873 939 2951 aedificia,
953 2893 1040 2956 quae
1054 2875 1195 2957 quisque
1207 2870 1342 2929 semones,

109 2986 370 3061 3consp'exerat,
394 2978 676 3055 incendebantur;
707 2978 831 3061 praeda
855 2998 900 3041 ex
929 2978 1085 3042 omnibus
1114 2977 1194 3042 locis

139 3080 304 3165 agebatur
319 3104 327 3161 ;
344 3080 508 3147 frumenta
524 3102 590 3146 non
607 3082 715 3147 solum
731 3092 826 3146 tanta
842 3080 1055 3145 multitudine
1069 3081 1195 3146 iumen-

139 3195 251 3249 torum
274 3195 377 3268 atque
398 3185 570 3250 homiuum
594 3188 883 3263 consumebantur,
905 3186 965 3249 sed
990 3186 1090 3250 etiam
1115 3186 1194 3248 anni

173 3374 219 3421 42
233 3376 246 3431 5
260 3384 282 3420 r.
299 3386 374 3421 unu.
407 3372 428 3422 C
448 3408 454 3420 .
470 3370 513 3422 At
525 3384 555 3435 5²
569 3374 640 3435 ‘pro-
692 3370 786 3421 Caesa
795 3370 901 3421 himself
907 3371 934 3419 iu
945 3369 1193 3420 hisAntleatowrote

138 3445 226 3502 spectu
246 3434 383 3487 offecisset’
441 3436 479 3487 hie
499 3436 641 3487 connected
690 3434 1193 3500 ‘uniusmogantiaesuperbieedomlns-

139 3504 205 3553 form
217 3502 247 3551 oi
259 3502 302 3553 the
318 3502 402 3552 dative
413 3518 465 3552 was
482 3516 599 3553 common
615 3504 641 3552 iu
692 3500 784 3567 tuque!
823 3501 852 3550 Iu
880 3501 920 3551 his
967 3500 1067 3564 leading
1095 3500 1194 3563 against

138 3569 208 3631 early
218 3567 302 3629 Latin,
311 3567 357 3618 but
368 3566 412 3618 lell
423 3575 467 3618 out
478 3567 507 3617 ol
515 3582 558 3617 use
570 3566 640 3619 later.
692 3565 829 3617 Dolabella
850 3566 882 3616 he
985 3565 1029 3615 the
1049 3564 1131 3615 words
1153 3568 1192 3614 ‘et

137 3633 252 3684 Lucilius
263 3633 308 3683 hus
691 3632 783 3683 honori
801 3639 872 3681 aaut
890 3638 916 3680 et
934 3639 1023 3680 ornatu
1033 3627 1056 3689 ’ς
1072 3629 1148 3679 while
1165 3630 1192 3679 in

174 3698 267 3763 ‘Quod
294 3706 423 3763 sumptum
451 3704 527 3764 atque
554 3698 642 3763 epulus
691 3696 994 3761 hisworlrougrammur
1009 3694 1190 3759 (‘librinnalo·

238 3765 305 3814 victu
322 3764 453 3830 praeponis
469 3762 591 3826 honesto,'
691 3760 769 3827 giei')
779 3761 811 3811 be
823 3762 876 3811 isid
891 3762 911 3811 it
926 3762 1000 3811 down
1016 3776 1044 3811 cs
1059 3776 1076 3810 ι
1091 3760 1192 3826 general

138 3831 188 3879 and
207 3829 233 3879 in
253 3830 358 3879 another
374 3830 446 3897 place
461 3832 528 3879 ‘auu
546 3827 640 3883 noceo.'
691 3826 1090 3878 rulethutthe‘i’insucheusee
1101 3826 1192 3876 should

138 3894 226 3960 Vergil
259 3895 373 3960 employs
399 3896 419 3945 lt
446 3893 539 3945 several
567 3896 641 3945 times
692 3894 723 3944 be
741 3892 873 3958 dispensed
891 3892 961 3943 with.
993 3892 1039 3943 See
1052 3891 1111 3942 Aul.
1124 3892 1192 3942 Geli.

140 3960 229 4026 (Geor.
241 3960 276 4011 lv.
291 3962 338 4026 158
353 3958 454 4021 ‘victm’
470 3962 517 4025 198
534 3964 641 4011 ‘eonem
692 3958 723 4010 ir.
738 3957 777 4008 16.

138 4026 226 4089 bitu';
251 4027 313 4077 Aen
343 4026 376 4077 ri.
406 4025 454 4091 465
488 4024 641 4091 ‘aspectu').
