2984 4992
141 1069 253 1120 Caesar's

141 1218 199 1252 War-

312 574 371 636 106
673 579 702 631 c
728 579 826 632 nnn
847 577 1037 632 cnasnnrs
1266 577 1376 644 [ono-

311 742 527 822 Ambiliatos‚
543 741 704 820 Morinos,
721 739 935 817 Diablintres,
954 738 1130 823 Menapios
1152 739 1368 818 adsciscunt3

311 847 437 913 auxilia
453 867 497 910 ex
514 845 695 922 Britannia,
711 863 799 926 quae
812 853 931 910 contra
943 863 1000 909 eas
1015 844 1166 926 regiones
1180 845 1292 926 posita
1306 853 1372 921 est,

312 961 541 1120 archisshithae
555 1051 769 1118 difficultates
782 1050 862 1116 belli
876 1051 1022 1136 gerendi,
1038 1070 1123 1133 quas
1136 1071 1236 1135 supra
1253 1060 1432 1120 osten-10

142 1137 247 1188 mm
262 1135 300 1185 ¹⁰¹
312 1160 430 1232 dimus,
446 1159 505 1223 sed
525 1156 631 1221 multa
652 1155 831 1221 Caesarem
846 1164 959 1220 tamen
978 1154 1022 1218 ad
1046 1155 1080 1218 id
1103 1153 1228 1218 bellum
1247 1155 1370 1218 incita·

312 1264 412 1328 bant:
435 1261 572 1326 iniuriae
586 1269 789 1326 retentorum
805 1259 954 1340 equitum
976 1258 1214 1336 Romanorum,
1229 1257 1370 1322 rebellio
1385 1279 1399 1312 ²

312 1367 400 1432 iacta
416 1374 492 1449 post
514 1364 729 1440 deditionem,
744 1361 890 1428 defectio
912 1363 999 1427 datis
1022 1362 1205 1443 obsidibus,
1220 1370 1273 1426 tot
1287 1362 1370 1425 civi-

311 1479 420 1536 tatum
435 1467 627 1545 coniuratio,
637 1467 809 1551 imprimis,
821 1487 864 1530 ne
874 1464 937 1531 hac
950 1475 1044 1550 parte
1055 1466 1208 1548 neglecta
1219 1465 1370 1548 reliquae

312 1575 464 1640 nationes
492 1572 556 1637 sibi
587 1572 675 1636 idem
710 1570 806 1636 licere
836 1569 1083 1636 arbitrarentur.
1140 1570 1260 1651 Itaque
1288 1590 1400 1646 cums

312 1677 531 1762 intellegeret,
545 1695 663 1741 omnes
679 1673 747 1741 sere
764 1673 880 1739 Gallos
893 1674 988 1739 novis
1010 1673 1111 1738 rebus
1125 1674 1258 1739 studere
1273 1675 1369 1738 etad

312 1781 437 1846 bellum
477 1778 645 1845 mobiliter
682 1779 897 1859 celeriterque
926 1778 1076 1856 excitari,
1104 1798 1222 1842 omnes
1251 1786 1369 1842 autem

311 1885 462 1950 homines
487 1893 605 1948 natura
628 1881 772 1947 libertati
794 1882 930 1946 studere
952 1891 987 1947 et
1009 1881 1239 1946 condicionem
1263 1883 1368 1946 servi-

311 1988 393 2053 tutis
431 1987 551 2068 odisse,
579 1987 773 2072 priusquam
809 1984 920 2070 plures
949 1984 1102 2050 civitates
1131 1986 1370 2071 conspirarent,

310 2092 522 2177 partiendum
559 2090 623 2155 sibi
659 2111 699 2156 ac
736 2091 836 2155 latius
872 2089 1138 2155 distribuendum
1180 2091 1369 2155 exercitum

311 2195 452 2280 putavit.

144 2323 186 2372 fle
199 2327 301 2374 muers
358 2301 478 2382 Itaque
506 2298 624 2364 Titum
652 2296 841 2362 Labienum
869 2297 1018 2381 legatum
1049 2298 1083 2362 in
1108 2298 1283 2375 Treveros,
1308 2300 1368 2380 qui
1381 2315 1418 2368 11

143 2389 272 2504 ἓξὲξ
314 2405 460 2491 proximi
477 2402 604 2468 flumini
621 2401 742 2466 Rheno
759 2410 847 2477 sunt,
864 2421 939 2466 cum
955 2401 1105 2483 equitatu
1121 2403 1234 2467 mittit.
1277 2402 1399 2466 Huica

143 2520 208 2585 keep
219 2520 261 2571 the

144 2585 224 2636 Gauls
235 2586 261 2636 in

143 2650 228 2702 cbeck.

315 2510 461 2584 mandat,
478 2507 604 2572 Remos
620 2507 831 2588 reliquosque
840 2504 962 2588 Belgas
976 2508 1077 2572 adeat
1091 2516 1192 2588 atque
1207 2507 1242 2570 in
1256 2505 1369 2572 officio

315 2615 484 2680 contineat
509 2612 773 2692 Germanosque,
795 2610 854 2692 qui
883 2609 1012 2675 auxilio
1034 2630 1055 2675 a
1078 2609 1190 2694 Belgis
1219 2612 1369 2676 arcessiti

314 2716 517 2795 dicebantur,
532 2717 560 2780 si
576 2715 718 2800 pervim
734 2713 875 2778 navibus
894 2713 1019 2779 flumen
1040 2715 1180 2779 transire
1196 2723 1369 2791 conentur,

314 2820 498 2904 prohibeat.
532 2819 688 2884 Publium
704 2818 861 2885 Crassum
876 2838 954 2884 cum
969 2817 1163 2884 cohortibus
1178 2817 1369 2903 legionariis
1382 2842 1399 2892 a

313 2937 369 2988 ΧΠ
385 2934 419 2989 et
434 2943 557 3006 magno
573 2941 712 2988 numero
731 2924 901 3005 equitatus
915 2923 950 2988 in
966 2921 1189 3006 Aquitaniam
1204 2922 1368 3006 proficisci

313 3026 414 3102 iubet,
430 3047 473 3090 ne
489 3047 533 3090 ex
549 3025 601 3090 his
617 3027 807 3091 nationibus
830 3025 955 3091 auxilia
975 3026 1009 3090 in
1026 3024 1171 3091 Galliam
1192 3027 1371 3091 mittantur

313 3152 353 3198 ac
379 3140 494 3197 tantae
517 3129 667 3196 nationes
696 3131 950 3214 coniungantur.
1003 3128 1170 3213 Quintum
1200 3129 1401 3196 Titurium4

315 3236 478 3305 Sabinum
507 3235 656 3319 legatum
685 3254 762 3299 cum
791 3234 979 3320 legionibus
1007 3237 1114 3300 tribus
1139 3237 1173 3299 in
1197 3235 1370 3314 Venellos,

315 3340 531 3407 Curiosolites
561 3339 799 3421 Lexoviosque
822 3340 935 3416 mittit,
957 3341 1014 3422 qui
1037 3359 1112 3405 eam
1136 3361 1272 3404 manum
1297 3342 1368 3406 dis·

314 3446 486 3511 tinendam
502 3453 604 3508 curet.
650 3442 828 3509 Decimum
849 3444 990 3508 Brutum
1006 3444 1253 3509 adulescentem
1269 3444 1398 3519 classis

347 3617 528 3665 Ambiliatos.
551 3612 606 3662 The
615 3612 724 3678 position
732 3612 818 3664 bithis
865 3613 933 3665 lived
944 3613 971 3663 in
980 3614 1048 3665 what
1058 3613 1080 3664 is
1092 3613 1200 3665 nowtbe
1210 3614 1370 3681 department

315 3680 483 3746 tribeirquite
495 3679 630 3730 uncertain.
649 3677 818 3730 Gdlerwonld
866 3679 896 3731 oi
903 3679 1034 3745 Mnymne.

314 3745 387 3812 place
415 3747 483 3796 them
511 3752 538 3794 at
563 3745 694 3795 Lemballe
718 3745 745 3794 in
773 3746 817 3796 the
898 3750 974 3806 104
996 3760 1017 3794 a.
1040 3749 1163 3795 lulum
1180 3752 1368 3810 rownwmm,

315 3809 528 3863 coru-du-Nord.
576 3810 722 3874 Derjerdine
758 3811 817 3862 here
866 3815 912 3862 to.
927 3811 985 3861 ‘the
1000 3827 1088 3876 wrong
1104 3811 1170 3862 done
1185 3813 1219 3876 by
1229 3813 1369 3879 καὶπῶς]

313 3876 386 3928 reads
398 3877 579 3939 ‘Ambivariti’
589 3877 673 3926 whom
684 3876 716 3926 be
724 3874 818 3928 loona
866 3878 914 3942 Cp.
928 3877 953 3937 8,
967 3882 980 3936 5
993 3877 1162 3938 3‘retiuendi.

314 3943 391 3992 about
403 3942 553 3992 Amanohoe.
900 3947 913 4002 t
936 3955 960 4004 3.
983 3957 1081 3992 omne·
1099 3945 1159 3992 fere
1179 3945 1287 3995 Gelloe.
1320 3945 1372 4011 Cp.

348 4009 532 4058 Diablintree.
576 4006 633 4058 The
663 4005 818 4059 Diablintres
867 4010 891 4069 8,
906 4010 919 4067 ἱ
933 4007 1291 4071 3‘ntsuntGellorum,'&o.

316 4089 345 4126 or
356 4073 497 4124 Diablintes
512 4089 553 4124 ere
570 4071 696 4139 suppored
709 4079 737 4123 to
753 4074 818 4125 hare
899 4079 939 4124 11.
968 4078 981 4134 5
1011 4089 1037 4140 5.
1064 4077 1213 4124 Decimum
1238 4079 1374 4128 Brutm
