2984 4992
130 529 233 598 mni]
359 528 415 583 na
436 529 561 584 amo
585 529 754 592 camco.
806 529 878 588 trs.
908 530 962 582 vu
1121 535 1182 602 303

132 691 331 776 exspoliare,
358 691 417 778 qui
446 704 576 760 vestrae
603 693 720 760 salutis
748 713 847 763 causa
875 714 972 760 suum
1002 693 1181 779 periculum

133 795 361 881 neglexerunt,
374 816 436 865 nec
455 796 596 869 stultitia
610 818 650 862 ac
671 797 859 864 temeritate
879 808 989 867 vestra
1005 807 1065 865 aut
1078 799 1182 866 animi

130 899 360 966 imbecillitate
384 921 519 966 omnem
547 900 691 968 Galliam
717 911 923 984 prosternere
948 910 982 968 et
1002 913 1182 986 perpetuae

83 1027 120 1064 ιο
133 1003 284 1069 servituti
301 1003 461 1070 subicere.
506 1004 574 1086 An,
588 1007 680 1090 quod
700 1007 744 1072 ad
762 1005 852 1072 diem
873 1025 941 1074 non
955 1016 1124 1084 venerunt,
1139 1008 1182 1073 de

133 1128 248 1178 eorum
270 1106 339 1173 fide
363 1109 617 1193 constantiaque
641 1109 826 1176 dubitatis?
864 1108 954 1193 Quid
978 1115 1083 1194 ergo?
1113 1111 1182 1176 Ro·

135 1232 251 1306 manos
272 1212 307 1277 in
330 1211 395 1278 illis
419 1213 632 1280 ulterioribus
653 1213 893 1283 munitionibus
916 1214 1062 1280 animine
1084 1234 1184 1280 causa

84 1336 117 1375 11
135 1316 259 1382 cotidie
282 1316 429 1383 exerceri
448 1317 600 1401 putatis?
637 1316 675 1383 Si
696 1317 828 1384 illorum
850 1318 972 1384 nuntiis
998 1317 1183 1384 confirmari

135 1440 202 1484 non
217 1420 357 1506 potestis
371 1421 465 1485 omni
482 1421 575 1487 aditu
598 1428 806 1504 praesaepto,
821 1421 873 1490 his
893 1422 1024 1489 utimini
1044 1422 1185 1488 testibus

134 1525 402 1610 appropinquare
415 1545 531 1592 eorum
548 1526 749 1604 adventum3
768 1525 861 1592 cuius
876 1526 925 1592 rei
940 1526 1058 1594 timore
1073 1535 1184 1592 exter·

85 1649 120 1688 ιι
135 1629 191 1694 riti
206 1628 296 1692 diem
311 1637 509 1712 noctemque
522 1629 556 1694 in
569 1649 669 1713 opere
686 1637 865 1696 versantur.
911 1627 1003 1713 Quid
1023 1649 1105 1714 ergo
1120 1629 1185 1695 mei

135 1729 264 1798 consilii
286 1738 363 1798 esti
416 1732 550 1808 Facere,
571 1733 661 1816 quod
684 1733 790 1800 nostri
813 1733 952 1798 maiores
974 1753 1185 1818 nequaquam

135 1835 209 1921 pari
235 1835 324 1900 bello
350 1834 563 1906 Cimbrorum
588 1836 846 1919 Teutonumque
871 1835 1040 1916 fecerunt3
1069 1839 1126 1921 qui
1151 1838 1185 1903 in

136 1941 263 2024 oppida
276 1939 441 2024 compulsi
454 1960 494 2008 ac
514 1941 615 2006 simili
629 1941 742 2024 inopia
762 1939 891 2006 subacti
905 1961 1020 2010 eorum
1041 1941 1185 2026 corpori-

136 2044 209 2117 bus
225 2045 284 2128 qui
298 2052 409 2111 aetate
426 2045 471 2111 ad
487 2044 612 2109 bellum
633 2044 766 2111 inutiles
787 2045 993 2124 videbantur,
1007 2044 1112 2110 vitam
1134 2055 1185 2112 to·

88 2166 124 2216 1³
138 2147 326 2215 leravcrunt
344 2168 453 2232 neque
475 2169 511 2214 se
532 2148 686 2218 hostibus
708 2148 922 2216 tradiderunt
970 2149 1073 2216 Cuius
1090 2149 1137 2215 rei
1157 2149 1185 2214 si

138 2250 333 2336 exemplum
347 2272 415 2318 nou
428 2252 635 2329 haberemus,
643 2264 756 2320 tamen
771 2252 932 2318 libertatis
943 2272 1044 2320 causa
1059 2252 1186 2318 institui

89 2364 173 2432 14et
197 2357 339 2440 posteris
361 2355 458 2440 prodi
481 2354 738 2441 pulcherrimum
761 2357 948 2424 iudicarem.
994 2356 1084 2422 Nam
1106 2355 1187 2439 quid

136 2459 184 2524 illi
199 2459 307 2524 simile
321 2458 409 2524 bello
422 2460 510 2524 fuiti
554 2460 769 2544 Depopulata
784 2458 893 2526 Gallia
910 2459 1036 2528 Cimbri
1051 2479 1187 2544 magna·

138 2584 205 2646 que
230 2564 324 2630 illata
347 2563 538 2629 calamitate
562 2563 682 2630 finibus
707 2565 843 2648 quidern
868 2563 988 2630 nostris
1010 2561 1189 2648 aliquando

138 2675 351 2734 excesserunt
380 2675 482 2752 atque
511 2667 594 2737 alias
623 2678 727 2733 terras
756 2668 945 2752 petierunt;
980 2667 1060 2746 iura,
1090 2666 1189 2752 leges,

90 2794 125 2845 ¹5
138 2791 248 2854 agros,
262 2771 449 2838 libertatem
468 2770 566 2836 nobis
588 2771 799 2854 reliquerunt.
845 2769 988 2836 Rotnani
1010 2791 1088 2838 veru
1107 2771 1188 2856 quid

138 2883 260 2961 petunt
281 2875 371 2940 aliud
393 2886 452 2941 aut
473 2874 553 2959 quid
575 2874 703 2953 volunt,
717 2875 780 2941 nisi
801 2875 923 2940 invidia
944 2875 1092 2954 adducti,
1105 2894 1189 2958 quos

139 2979 232 3044 fama
252 2979 381 3043 nobiles
402 2988 621 3064 potentesque
647 2978 737 3046 bello
757 2987 992 3063 cognoverunt,
1012 2979 1130 3044 horum
1154 2979 1188 3043 in

139 3083 228 3167 agris
255 3083 507 3166 civitatibusque
535 3084 707 3151 considere
735 3093 838 3167 atque
862 3081 913 3148 his
939 3093 1109 3150 aeternam
1140 3083 1189 3146 in·

140 3187 277 3270 iungere
298 3187 516 3253 servitutem?
567 3187 687 3270 Neque
708 3186 798 3252 enim
820 3187 888 3254 ulla
909 3185 974 3252 alia
996 3185 1190 3252 condicione

177 3319 244 3374 510.
260 3316 487 3367 mimmeoeuea
507 3312 641 3375 niatu.
724 3317 815 3366 vitem
825 3317 1026 3364 tohnnruut.
1052 3313 1100 3378 Cp.
1111 3313 1141 3363 C.
1154 3313 1190 3364 lii.

178 3384 192 3439 5
217 3392 255 3429 12.
282 3383 508 3438 Teutonumque.
548 3379 642 3443 Every-
690 3385 760 3444 49,§
780 3395 794 3444 ³
813 3382 904 3444 ‘equis
922 3416 928 3428 .
946 3413 952 3430 .
970 3414 977 3429 .
994 3376 1192 3439 tolermt’uhat

141 3445 224 3495 where
234 3445 287 3495 else
297 3446 391 3496 Caesar
398 3443 445 3495 bus
454 3445 588 3510 employed
598 3445 643 3495 the
691 3446 735 3494 the
746 3445 830 3496 horsea
840 3459 904 3495 were
913 3443 974 3509 kept
985 3443 1051 3495 alive
1058 3442 1078 3494 ’τ
1096 3445 1137 3508 58,
1148 3447 1161 3503 1
1174 3461 1190 3508 4

142 3511 209 3562 form
219 3509 360 3573 ‘Teutoni'
370 3527 400 3560 so
412 3511 466 3561 tbat
481 3511 532 3560 this
542 3525 602 3574 may
611 3511 643 3561 be
693 3510 844 3576 ‘equitatum
856 3507 978 3560 tolenre'

141 3591 161 3627 e
171 3577 314 3626 conumted
324 3576 439 3640 genitive
728 3581 741 3636 ς
754 3589 791 3641 14.
802 3579 873 3635 quid
880 3577 926 3624 1111
935 3577 1037 3635 simile,
1046 3577 1100 3636 du,
1109 3573 1191 3626 ‘what

126 3666 129 3670 ·
178 3644 521 3701 eorumeorporibusmo.
553 3639 644 3691 Strabo
692 3643 866 3693 westbereiu
882 3641 997 3690 tbstwer
1013 3639 1192 3692 tbatwesllke

145 3706 644 3774 (rv.5‚§4)mayhavebadthlspusege
692 3706 775 3760 ttirv'

143 3773 173 3823 ln
186 3773 251 3822 view
267 3771 338 3822 when
355 3773 387 3822 he
402 3769 597 3822 wrote-naim
612 3769 643 3820 τό
727 3777 740 3832 ς
771 3783 809 3834 15.
839 3773 988 3830 iniungere
1017 3773 1192 3823 servitutem.

142 3834 643 3902 praeonominatum&
694 3837 742 3914 Cp.
764 3835 881 3901 C.'u4,
907 3835 1133 3901 34‘inimieos.
1156 3874 1192 3888 ..

144 3900 644 3967 summanalbffiwewep·
693 3899 849 3966 iniungere’:
877 3901 921 3952 Al.
942 3917 985 3980 44.
1005 3905 1018 3960 l
1042 3917 1059 3967 4
1082 3905 1193 3954 ‘morum

143 3970 254 4031 ιητιωῖε
272 3967 313 4018 ml
328 3967 422 4018 Κελτοὶ
440 3967 481 4017 nul
494 3966 589 4031 'werpes
604 3966 644 4017 nul
693 3968 912 4033 uomitumque
922 3966 1084 4034 iniungebtt’

143 4032 645 4099 ἄλλαιλάοπιωῆσατοῦτολέγατα.
