2984 4992
326 522 385 605 198
670 532 699 585 c
723 532 823 584 ιυιιι
844 530 1035 583 caesareas
1072 598 1079 605 Ι
1092 506 1227 661 &stis
1272 526 1331 593 [aa.
1345 538 1382 575 1-

155 706 289 783 Tnenevfs
323 696 367 761 de
381 694 521 761 victoria
542 692 693 761 Caesaris
712 692 803 759 fama
821 694 992 777 perfertur,
1005 701 1044 757 ut
1064 710 1143 755 cum
1163 690 1208 754 ab
1225 687 1380 753 bibernis
1486 673 1488 826 l

153 772 313 901 zm&
325 797 495 863 Ciceronis
510 796 604 864 milia
624 818 782 881 passuum
801 799 934 863 abesset
953 776 1158 868 circiter'lsu
1173 812 1283 875 eoque
1296 802 1380 874 post

154 902 279 952 tantam
323 903 441 968 boram
471 922 597 969 nonam
626 904 693 968 diei
724 902 850 968 Caesar
878 901 1091 985 pervenisset,
1119 907 1198 962 ante
1227 898 1380 961 mediam
1486 959 1487 962 ,

153 968 277 1095 ffieyume
323 1017 456 1072 noctem
470 1008 513 1072 ad
528 1016 642 1091 portas
656 1016 839 1072 castrorum
850 1005 977 1071 clamor
983 1012 1142 1080 oreretur,
1149 985 1219 1107 Quo
1229 1002 1380 1065 clamore
1486 1009 1487 1102 ]

323 1109 522 1195 significatio
552 1112 712 1177 victoriae
740 1110 987 1193 gratulatioque
1010 1108 1055 1171 ab
1079 1107 1198 1171 Remis
1222 1106 1379 1169 labieno
1486 1113 1487 1148 ³

153 1235 291 1284 nusum.
323 1208 452 1305 fieret.)
474 1214 552 1278 Hac
577 1214 666 1280 fama
690 1216 735 1279 ad
765 1214 928 1279 Treveros
956 1212 1085 1297 perlata
1116 1210 1410 1288 Indutiomarus„

153 1300 281 1415 ffiffi
322 1320 380 1402 qui
404 1328 538 1401 postero
562 1318 618 1383 die
643 1326 753 1385 eastra
781 1318 924 1383 Labieni
947 1335 1144 1401 oppugnare
1171 1314 1378 1395 decreverat,

153 1432 214 1480 antu
228 1430 311 1482 which
324 1434 425 1489 noctu
450 1420 598 1506 profugit
627 1424 811 1505 copiasque
838 1442 956 1486 omnes
985 1421 1020 1486 in
1047 1419 1211 1483 Treveros
1235 1418 1379 1483 reducit.
1486 1415 1487 1458 l

152 1498 304 1613 {mm
326 1526 448 1593 Caesar
472 1527 615 1592 Fabium
644 1546 721 1591 cum
754 1546 815 1591 sua
839 1526 974 1609 legione
997 1525 1138 1589 remittit
1164 1524 1199 1587 in
1223 1523 1410 1602 hibernas

154 1654 247 1703 cm
325 1630 396 1714 ipse
410 1650 486 1697 cum
510 1631 614 1697 tribus
633 1628 823 1715 legionibus
844 1630 970 1695 circum
993 1628 1264 1695 Samarobrivam
1279 1628 1380 1692 trinis

152 1718 303 1834 {fflff
322 1733 470 1799 hibernis
484 1733 631 1799 hiemare
653 1736 828 1800 constituit
842 1746 886 1813 et,
900 1734 992 1817 quod
1012 1734 1098 1798 tanti
1116 1742 1227 1796 motus
1242 1730 1381 1795 Galliae
1486 1723 1487 1772 f

153 1848 258 1897 incant
322 1838 529 1916 exstiterant,
552 1848 660 1903 totam
686 1840 833 1905 hiemem
856 1840 929 1923 ipse
951 1838 995 1902 ad
1025 1837 1211 1902 exercitum
1237 1854 1380 1899 manere
1486 1823 1487 1846 ¹

153 1916 258 2029 ξξῗὶῗ
322 1940 478 2007 decrevit.
525 1940 685 2007 Namillo
701 1942 972 2008 incommodode
987 1939 1104 2006 Sabini
1120 1946 1228 2003 morte
1242 1938 1409 2019 perlatos
1486 1983 1487 1994 κ

153 2044 294 2159 dimin
322 2065 440 2111 omnes
454 2046 522 2109 fere
536 2044 666 2110 Galliae
689 2047 843 2111 civitates
861 2046 905 2109 de
923 2045 1013 2110 bello
1030 2044 1273 2119 consultabant,
1288 2064 1379 2107 nun·

153 2110 264 2239 Ξᾞξιξξ
295 2126 388 2215 etios
406 2148 656 2232 legationesque
671 2150 705 2213 in
726 2170 843 2214 omnes
862 2160 972 2232 partes
991 2149 1207 2213 dimittebant
1227 2156 1272 2229 et,
1289 2148 1379 2229 quid

321 2252 439 2336 reliqui
460 2251 589 2318 consilii
610 2264 769 2335 caperent
788 2264 891 2337 atque
908 2254 999 2317 unde
1020 2254 1153 2318 initium
1171 2251 1250 2316 belli
1267 2250 1378 2329 fieret,
1486 2275 1487 2358 q

322 2358 542 2442 explorabant
557 2366 787 2439 nocturnaque
802 2360 837 2421 in
857 2358 940 2423 locis
957 2357 1098 2421 desertis
1112 2355 1255 2420 concilia
1267 2354 1377 2419 habe-
1486 2379 1487 2382 ¹

320 2464 412 2527 bant.
459 2461 577 2545 Neque
606 2461 713 2526 ullum
744 2460 812 2527 fere
840 2463 944 2527 totius
980 2462 1101 2526 hiemis
1129 2470 1264 2542 tempus
1300 2461 1406 2533 sines
1486 2449 1487 2534 l

190 2558 198 2573 '
321 2564 545 2631 sollicitudine
567 2564 719 2631 Caesaris
742 2567 938 2647 intercessit,
957 2567 1039 2649 quin
1062 2566 1207 2648 aliquem
1226 2565 1272 2629 de
1293 2584 1377 2629 con-
1486 2559 1487 2572 ¹

322 2668 404 2734 siliis
426 2691 466 2735 ac
489 2680 582 2735 motu
605 2670 779 2736 Gallorum
801 2672 955 2735 nuntium
978 2669 1154 2752 acciperet.
1200 2668 1240 2732 In
1257 2668 1312 2733 bis
1328 2670 1405 2732 abo

322 2772 430 2837 Lucio
451 2774 584 2853 Roscio,
602 2794 703 2857 quem
726 2774 849 2858 legioni
871 2774 1141 2839 tertiaedecimae
1161 2770 1378 2855 praefecerat,
1486 2831 1487 2838 ,

323 2877 443 2941 certior
465 2878 572 2944 factus
594 2889 644 2943 est
665 2900 803 2962 magnas
826 2875 999 2942 Gallorum
1020 2878 1135 2958 copias
1156 2896 1271 2941 earum
1292 2878 1377 2940 civi-

323 2990 440 3057 tatum,
473 3001 559 3064 quae
589 2982 785 3049 Armoricae
820 2982 1042 3065 appellantur,
1072 2981 1290 3064 oppugnandi
1320 2983 1375 3045 sui

321 3104 422 3149 causa
444 3086 637 3151 convenisse
659 3106 769 3169 neque
785 3087 916 3170 longius
938 3084 1031 3151 milia
1047 3106 1205 3169 passuum
1228 3096 1307 3149 octo
1328 3085 1377 3148 ab

321 3188 467 3253 hibernis
490 3191 558 3254 suis
581 3188 711 3270 afuisse,
726 3190 786 3255 sed
806 3190 925 3254 nuntio
946 3189 1051 3254 allato
1068 3190 1112 3252 de
1125 3189 1265 3253 victoria
1287 3188 1407 3267 Cae-7
1486 3201 1487 3216 ¹

322 3294 405 3359 saris
416 3294 613 3373 discessisse,
624 3295 710 3359 adeo
726 3305 764 3359 ut
777 3295 875 3378 fugae
889 3294 1009 3359 similis
1019 3295 1183 3358 discessus
1193 3293 1376 3358 videretur.

364 3397 416 3462 At
432 3397 556 3463 Caesar
571 3399 775 3482 principibus
788 3398 947 3482 cuiusque
957 3398 1101 3463 civitatis
1115 3399 1159 3463 ad
1175 3419 1212 3462 se
1226 3398 1378 3462 evocatis
1394 3412 1438 3467 54
1486 3405 1487 3488 l

320 3502 402 3569 alias
423 3505 616 3581 territando,
636 3524 770 3599 cum'se
792 3503 885 3582 scire,
900 3522 987 3587 quae
1008 3502 1135 3579 tierent,
1152 3502 1376 3584 denuntiaret,

354 3693 399 3739 58.
421 3694 434 3750 ς
454 3690 479 3741 6.
503 3680 675 3743 Armoricae}
711 3693 759 3757 Cp.
772 3658 822 3742 'vit
872 3691 897 3741 It
913 3706 999 3741 means
1015 3694 1063 3740 ‘on
1079 3690 1122 3742 the
1139 3692 1280 3745 sesemet?
1314 3696 1378 3745 Mor

324 3755 665 3874 trinitate
679 3760 823 3874 tuilf
872 3756 1070 3873 witam&
1089 3756 1227 3873 iir‘tl
1248 3759 1376 3875 Ἥ

321 3836 402 3950 iiiia.
413 3884 446 3935 ix.
459 3900 525 3949 3⁵-
579 3860 588 3873 ⁸
664 3861 669 3872 ¹
786 3840 821 3885 ns,
873 3888 967 3955 sponds
977 3839 1008 3938 t}
1014 3888 1058 3938 tlte
1066 3888 1148 3938 Greek
1158 3840 1281 3953 τῳῶι
1290 3890 1374 3941 initial

356 3949 433 4001 ‘Sunt
450 3960 475 4001 et
494 3953 633 4004 Aremorici
654 3954 698 4020 qui
720 3954 823 4006 laudent
873 3954 951 4003 labial
974 3954 1047 4018 being
1068 3952 1114 4003 dro
1132 3953 1189 4020 ped,
1207 3970 1237 4006 as
1258 3956 1287 4007 in
1308 3956 1374 4007 Irisb

388 4017 566 4083 osucaponti)
872 4018 1044 4073 athair--Gic
1054 3970 1140 4084 acne.
