2984 4992
316 537 358 600 80
664 543 692 598 C.
718 545 815 598 ww
838 543 1026 598 cassam
1268 541 1324 609 [1⁸.
1336 553 1371 605 3-

317 707 508 774 accessisset
530 715 706 790 castraque
728 707 774 772 rbi
796 715 943 790 poneret,
966 705 1058 792 pueri
1082 703 1301 788 mulieresque
1322 724 1370 768 ex

319 833 413 877 muro
442 810 547 896 passis
580 812 734 877 manibus
764 831 826 876 suo
855 830 948 875 more
980 830 1099 894 pacem
1130 811 1176 876 ab
1206 810 1370 876 Romanis

318 917 493 1000 petierunt.

150 1030 289 1081 Diuitiaene
361 1020 425 1085 Pro
454 1019 505 1084 his
532 1018 716 1084 Divitiacus
743 1014 834 1104 (nam
865 1028 944 1102 post
971 1017 1155 1082 discessum
1188 1015 1371 1100 Belgarum
1382 1033 1424 1086 14

150 1096 235 1213 {ff
246 1097 285 1146 ‘⁰¹
318 1125 461 1189 dimissis
471 1123 668 1188 Aeduorum
680 1122 787 1204 copiis
801 1123 844 1186 ad
860 1141 938 1185 eum
953 1119 1145 1205 reverterat)
1156 1121 1235 1186 iacit
1246 1123 1369 1186 verba:

317 1228 528 1293 ‘Bellovacos
542 1228 633 1291 omni
650 1235 801 1310 tempore
815 1227 850 1288 in
865 1224 932 1290 fide
946 1236 1050 1307 atque
1064 1225 1210 1290 amicitia
1225 1225 1371 1290 civitatis
1387 1253 1400 1287 ι

318 1331 459 1398 Aeduae
471 1329 590 1406 inisse3
613 1329 775 1414 impulsos
787 1330 830 1393 ab
842 1330 911 1393 suis
925 1328 1140 1413 principibus,
1150 1329 1207 1411 qui
1218 1329 1372 1394 dicerent
1386 1354 1401 1402 3

316 1436 459 1502 Aeduos
480 1457 501 1500 a
523 1433 664 1500 Caesare
683 1435 717 1498 in
738 1434 932 1498 servitutem
953 1435 1107 1498 redactos
1126 1453 1243 1499 omnes
1263 1433 1372 1517 indig-

317 1540 438 1605 nitates
460 1536 743 1619 contumeliasque
766 1535 918 1622 perferre,
937 1546 972 1601 et
993 1535 1038 1600 ab
1055 1535 1187 1600 Aeduis
1209 1534 1373 1600 deiecisse

318 1653 352 1710 et
377 1641 501 1727 populo
526 1642 679 1705 Romano
703 1640 828 1705 bellum
848 1638 1012 1704 intulisse
1057 1638 1125 1723 Qui
1149 1640 1221 1704 eius
1243 1640 1403 1710 consilii4

318 1748 479 1831 principes
501 1744 650 1819 fuissent,
673 1746 765 1827 quod
783 1743 1024 1826 intellegerent,
1047 1755 1208 1825 quantam
1232 1744 1372 1809 calami·

317 1861 421 1915 tatem
459 1849 584 1914 civitati
622 1847 819 1921 intulissent,
855 1848 889 1910 in
929 1847 1134 1912 Britanniam
1173 1847 1371 1932 profugisse.
1489 1902 1490 1925 ἶ

320 1955 435 2019 Petere
450 1974 516 2018 non
536 1951 645 2017 solum
661 1951 863 2028 Bellovacos,
877 1952 937 2016 sed
952 1952 1054 2016 etiam
1068 1971 1131 2034 pro
1151 1950 1203 2016 his
1219 1951 1372 2029 Aeduos,
1385 1982 1401 2031 5
1489 1996 1490 1999 ,

318 2068 355 2124 ut
370 2077 431 2124 sua
445 2056 620 2122 clementia
635 2075 674 2120 ac
694 2056 948 2120 mansuetudine
968 2056 1001 2120 in
1021 2075 1079 2120 eos
1100 2063 1222 2119 utatur.
1266 2055 1402 2140 Quodo
1489 2058 1490 2063 ’

316 2164 345 2230 si
371 2160 493 2236 iecerit,
515 2159 712 2224 Aeduorum
736 2159 968 2224 auctoritatem
992 2161 1083 2241 apud
1107 2179 1224 2224 omnes
1246 2158 1371 2244 Belgas

317 2265 789 2350 amplificaturumrquorum
810 2262 944 2327 auxiliis
966 2270 1069 2344 atque
1092 2263 1222 2347 opibus,
1247 2265 1277 2327 si
1302 2283 1371 2345 qua

318 2369 406 2437 bella
421 2369 604 2444 inciderint,
620 2375 806 2432 sustentare
820 2363 1030 2433 consuerint.’
1489 2368 1490 2415 l

363 2474 485 2540 Caesar
504 2471 638 2536 honoris
659 2469 815 2534 Divitiaci
835 2479 938 2552 atque
953 2469 1151 2536 Aeduorum
1172 2491 1274 2536 causa
1295 2492 1371 2537 sese
1384 2487 1422 2542 15

318 2580 423 2644 cosin
445 2576 544 2641 fidem
567 2585 776 2658 recepturum
795 2583 831 2638 et
851 2584 1123 2639 conservaturum
1146 2575 1253 2650 dixit;
1277 2577 1371 2657 quod

317 2693 387 2747 erat
403 2681 518 2746 civitas
534 2699 656 2761 magna
675 2679 762 2743 inter
778 2677 900 2762 Belgas
920 2679 1120 2744 auctoritate
1138 2689 1242 2761 atque
1261 2678 1371 2744 homi·

317 2806 396 2850 num
413 2784 626 2849 multitudine
645 2782 845 2867 praestabat,
859 2791 1037 2847 sexcentos
1051 2783 1186 2848 obsides
1205 2785 1370 2866 poposcit

150 2907 283 2958 smerde
319 2888 382 2953 His
397 2888 528 2953 traditis
548 2887 773 2967 omnibusque
791 2885 892 2950 armis
911 2906 956 2950 ex
977 2887 1102 2969 oppido
1121 2884 1252 2951 collatis
1269 2887 1314 2951 ab
1328 2907 1401 2951 eor

150 2974 277 3089 ffiffl
318 2994 390 3057 loco
406 2993 439 3054 in
454 2989 536 3054 fines
550 2989 795 3055 Ambianorum
810 2989 967 3072 pervenit,
982 2991 1040 3071 qui
1055 3009 1091 3053 se
1109 3009 1237 3072 suaque
1256 2992 1373 3056 omnia

152 3129 269 3180 Manere
280 3129 309 3180 „s
318 3097 388 3161 sine
403 3115 496 3160 mora
511 3092 720 3160 dediderunt.
766 3093 894 3157 Eorum
909 3093 991 3158 fines
1006 3093 1120 3158 Nervii
1138 3093 1349 3178 attingebant
1362 3118 1401 3175 ;3

150 3195 193 3244 1¹¹⁶
204 3193 299 3247 ΝΜ·
319 3218 459 3285 quorum
486 3198 529 3263 de
554 3206 672 3262 natura
698 3198 912 3279 moribusque
936 3197 1058 3262 Caesar
1084 3217 1161 3261 cum
1187 3211 1372 3280 quaereret,
1488 3192 1489 3275 J

318 3307 364 3370 sic
380 3303 579 3388 reperiebat:
601 3302 728 3366 nullum
744 3302 874 3367 aditum
890 3321 961 3367 esse
977 3303 1019 3366 ad
1034 3321 1093 3366 eos
1114 3303 1352 3368 mercatoribus
1363 3329 1401 3380 34
1488 3348 1489 3377 r

318 3409 398 3476 nihil
424 3407 583 3494 pativini
609 3406 878 3489 reliquarumque
903 3425 1012 3470 rerum
1038 3407 1082 3470 ad
1107 3405 1272 3471 luxuriam
1298 3427 1371 3491 per-
1488 3432 1489 3485 j

318 3514 496 3580 tinentium
521 3509 641 3589 inferri,
664 3511 756 3593 quod
779 3510 820 3573 iis
844 3511 944 3575 rebus
969 3508 1217 3594 relanguescere
1240 3512 1371 3576 animos

350 3706 818 3770 14.55.ιιιιο1οωοιιειιωιιιω·
870 3702 914 3754 the
932 3701 1044 3753 Romans
1064 3701 1117 3768 (cp.
1135 3702 1189 3754 Cic.
1207 3703 1276 3756 Brut.
1294 3703 1370 3765 586:

317 3774 477 3822 suetudine.
510 3770 818 3834 Cp.s8‚§3;31‚§4;
871 3768 1369 3832 RoscComsrsszRosc.Am56).

319 3850 358 3901 ³²·
374 3839 387 3894 t
402 3849 432 3885 1:
450 3835 502 3886 vlii.
514 3837 556 3897 38,
569 3837 582 3893 5
597 3848 629 3898 5;
645 3837 713 3898 μηδ
729 3847 751 3884 ι.
870 3835 921 3884 For
931 3832 1079 3898 therapect
1089 3834 1177 3884 shown
1193 3835 1369 3898 byCeesrrto

351 3903 454 3960 1541.
477 3903 759 3952 bonomo...oom
792 3901 818 3950 A
869 3898 1213 3963 niummcpmeto.

318 3965 458 4029 constantly
493 3965 616 4029 recurring
649 3965 759 4016 formula
791 3967 822 4016 os
902 3971 953 4028 Μ.
969 3967 1041 4016 vini.
1075 3964 1262 4032 Cp.iv.a,§6.

318 4031 453 4100 politeucss
465 4031 489 4080 in
507 4031 549 4082 the
564 4029 655 4094 merely
666 4045 780 4082 mannen
790 4031 821 4080 οἱ
