2984 4992
310 508 370 571 ²34
655 500 684 551 c.
711 499 807 550 nun
828 498 1018 551 cessaris
1260 500 1321 567 [ea
1336 515 1372 551 2-

311 660 460 725 celeriter
477 657 713 743 perrumpant?
729 670 874 737 censent,
889 659 1064 744 ‘quoniam
1085 668 1158 724 tam
1176 660 1371 743 propinqua

311 765 375 829 sint
399 774 516 841 castra,
538 774 572 829 et
594 764 621 829 si
644 784 722 847 pars
751 765 863 848 aliqua
891 765 1113 829 circumventa
1136 764 1304 837 ceciderit,
1330 775 1371 827 at

312 869 456 951 reliquos
474 869 595 932 servari
616 888 714 950 posse
732 866 941 945 confidunt’;
969 868 1035 943 alii,
1053 875 1109 931 ‘ut
1130 868 1164 931 in
1184 868 1263 950 iugo
1285 887 1400 939 con-3

312 974 431 1037 sistant
445 982 547 1055 atque
562 972 705 1036 eundern
720 993 836 1036 omnes
850 973 956 1037 ferant
970 970 1104 1037 casum?
1142 972 1220 1036 Hoc
1233 980 1370 1035 veteres
1383 993 1400 1037 4

313 1097 379 1140 non
406 1077 549 1159 probant
579 1074 709 1153 milites,
737 1097 822 1160 quos
851 1078 915 1141 sub
942 1076 1070 1141 vexillo
1100 1096 1167 1139 una
1195 1074 1370 1158 profectos

312 1181 495 1245 docuimus.
526 1179 644 1262 Itaque
658 1180 744 1244 inter
759 1200 796 1243 se
810 1181 975 1245 cohortati
989 1182 1074 1244 duce
1086 1178 1173 1243 Gaio
1184 1179 1368 1257 Trebonio,

312 1284 421 1367 equite
455 1284 618 1360 Romano,
644 1284 701 1367 qui
729 1284 775 1347 eis
804 1293 876 1348 erat
905 1284 1120 1367 praepositus,
1147 1302 1207 1365 per
1236 1283 1369 1347 medios

312 1390 425 1453 hostes
454 1398 672 1471 perrumpunt
698 1387 945 1471 incolumesque
976 1389 1020 1452 ad
1050 1407 1153 1451 unum
1183 1406 1300 1451 omnes
1330 1388 1367 1451 in

311 1502 419 1556 castra
445 1492 648 1575 perveniunt.
705 1492 780 1556 Hos
810 1492 976 1556 subsecuti
1002 1491 1136 1555 calones
1168 1490 1396 1573 equitesques

312 1596 429 1661 eodem
446 1594 571 1677 impetu
596 1595 737 1660 militum
758 1594 880 1660 virtute
902 1604 1082 1659 servantur.
1128 1593 1180 1659 At
1200 1594 1232 1666 ii,
1248 1595 1307 1677 qui
1330 1596 1397 1661 ino

310 1698 388 1782 iugo
403 1699 624 1778 constiterant,
640 1700 730 1763 nullo
754 1700 855 1763 etiam
871 1718 958 1764 nunc
973 1720 1035 1764 usu
1058 1698 1104 1763 rei
1121 1698 1273 1762 militaris
1288 1718 1367 1780 per-

311 1812 409 1885 cepto
421 1822 527 1885 neque
543 1802 576 1867 in
592 1824 641 1880 eo,
656 1804 748 1887 quod
764 1803 993 1886 probaverant,
1007 1803 1145 1867 consilio
1161 1821 1367 1885 permanere,

310 1916 346 1968 ut
361 1926 397 1970 se
417 1905 489 1970 loco
508 1907 677 1989 superiore
697 1907 1048 1988 defenderenturque
1068 1925 1150 1972 eam.
1166 1924 1268 1989 quam
1286 1926 1367 1988 pro·

311 2011 405 2075 desse
421 2008 491 2072 aliis
506 2010 573 2073 vim
585 2010 855 2093 celeritatemque
868 2010 1031 2087 viderant,
1043 2010 1161 2073 imitari
1173 2019 1365 2091 potuerunt,

309 2114 369 2178 sed
385 2134 421 2178 se
439 2113 472 2177 in
491 2122 600 2177 castra
620 2113 763 2199 recipere
782 2114 896 2179 conati
917 2114 1064 2196 iniquum
1081 2114 1114 2177 in
1134 2112 1243 2177 locum
1259 2114 1365 2177 demi·

311 2227 433 2283 serunt.
488 2216 713 2296 Centuriones,
736 2238 877 2302 quorum
908 2216 1056 2280 nonnulli
1085 2236 1131 2280 ex
1157 2215 1395 2289 inferioribus7

311 2321 481 2387 ordinibus
492 2321 690 2404 reliquamm
705 2322 873 2406 legionum
883 2322 1013 2386 virtutis
1024 2321 1166 2385 causain
1177 2322 1365 2402 superiores

311 2436 405 2489 erant
424 2427 555 2491 ordines
572 2425 669 2490 huius
687 2425 827 2509 legionis
849 2426 1000 2504 traducti,
1014 2446 1057 2489 ne
1072 2434 1150 2488 ante
1170 2434 1303 2508 partam
1318 2427 1365 2488 rei

311 2530 459 2593 militaris
487 2530 617 2594 laudem
644 2529 844 2605 amitterent,
871 2528 1048 2594 fortissime
1071 2537 1260 2612 pugnantes
1285 2548 1366 2592 con-

310 2632 468 2699 ciderunt.
506 2632 650 2699 Militum
666 2653 741 2716 pars
757 2634 875 2697 horum
891 2634 1014 2697 virtute
1031 2632 1195 2697 submotis
1209 2632 1366 2695 hostibus
1381 2656 1397 2701 s

311 2747 443 2819 praeter
457 2758 551 2821 spem
567 2738 737 2802 incolumis
754 2738 787 2801 in
803 2746 912 2801 castra
923 2737 1081 2821 pervenit,
1092 2756 1170 2820 pars
1181 2757 1202 2800 a
1213 2736 1366 2801 barbaris

309 2841 533 2906 circumventa
546 2842 653 2925 periit.
1429 2916 1433 2922 ,

141 2960 196 3010 'rue
354 2942 511 3008 Germani
545 2947 722 3028 desperata
758 2944 1009 3028 expugnatione
1045 2954 1238 3021 castrorum,
1272 2945 1364 3027 quod
1380 2962 1422 3015 41

140 3026 284 3141 ζξίᾞὴ
309 3058 441 3113 nostros
464 3048 528 3113 iam
555 3050 742 3113 constitisse
767 3050 801 3112 in
827 3048 1065 3113 munitionibus
1090 3048 1260 3124 videbant,
1286 3070 1364 3113 curn

140 3156 293 3221 theirbooty,
309 3172 349 3215 ea
375 3154 509 3237 praeda,
532 3172 633 3236 quam
656 3153 689 3216 in
715 3152 807 3217 silvis
833 3153 1064 3234 deposuerant,
1087 3161 1180 3216 trans
1204 3151 1363 3216 Rhenum

309 3358 355 3391 van
399 3339 454 3391 eof
461 3338 505 3390 the
515 3339 664 3405 wedgellke
674 3338 809 3389 formation
860 3338 947 3389 tecties
957 3338 992 3403 by
1002 3336 1084 3389 wbleh
1094 3346 1122 3389 to
1133 3346 1199 3387 meet
1215 3337 1260 3388 tbe
1276 3340 1364 3389 sttsek

308 3422 360 3455 vrrs
427 3414 437 3455 t
459 3405 479 3455 it
500 3405 605 3456 enabled
626 3405 669 3455 the
691 3404 760 3454 darts
782 3404 813 3454 of
859 3404 889 3454 of
907 3420 924 3454 a
941 3404 1063 3454 ‘cuneus'
1085 3418 1137 3453 was
1160 3404 1193 3467 by
1214 3403 1326 3470 forming
1346 3421 1364 3453 ι

309 3471 402 3522 several
421 3470 525 3521 soldiers
543 3478 570 3520 to
588 3472 620 3521 be
636 3470 809 3521 eoueeutrated
858 3468 970 3520 ‘forfex'
988 3476 1016 3520 to
1035 3469 1130 3519 iuclose
1148 3468 1176 3519 it.
1213 3469 1301 3520 Under
1319 3471 1364 3521 the

309 3536 460 3601 oneslngle
503 3536 625 3587 intinthe
633 3534 741 3599 enemy‘s
749 3536 808 3585 line.
859 3535 960 3601 Empire
976 3533 1096 3585 ‘cuneus’
1111 3550 1183 3585 unse
1199 3540 1228 3585 to
1248 3536 1281 3584 be
1301 3536 1364 3587 used

309 3602 448 3651 Itsrascall
487 3602 521 3666 by
529 3601 571 3651 the
579 3600 808 3652 soidiersasvrine’s
858 3600 898 3650 for
908 3616 978 3651 some
989 3600 1097 3650 didsion
1108 3600 1139 3649 of
1146 3599 1281 3665 tbesrmy.
1314 3601 1363 3651 See

309 3668 374 3716 head
385 3667 487 3733 (Ὧραι
498 3666 643 3733 porcinum!
660 3666 707 3717 See
719 3667 807 3731 Veget.
858 3666 928 3717 hee
942 3666 1002 3716 Div.
1013 3666 1075 3715 inst.
1086 3667 1104 3716 i.
1115 3678 1131 3728 3
1144 3667 1152 3692 ‘
1160 3665 1258 3729 Quodsi
1272 3666 1298 3715 in
1311 3682 1364 3715 uno

308 3733 343 3782 iii.
358 3734 408 3797 19).
443 3738 466 3781 A
475 3733 566 3783 certain
575 3732 679 3782 number
688 3732 716 3782 of
725 3748 807 3797 super·
858 3733 965 3782 exercitu
976 3738 1014 3781 tot
1023 3732 1113 3781 fuerint
1120 3732 1289 3795 imperatores,
1298 3741 1364 3797 quot

308 3797 457 3848 numeraries
472 3812 536 3848 were
551 3798 611 3863 kept
626 3798 702 3862 ready
713 3798 752 3847 for
764 3798 808 3849 the
858 3797 979 3863 legiones,
989 3803 1051 3862 quot
1065 3796 1188 3855 cobortes,
1203 3804 1266 3875 quot
1279 3797 1361 3857 cunei,

307 3863 441 3913 formation
460 3864 489 3913 of
506 3880 521 3913 a
538 3862 661 3925 ‘cuneus’
673 3863 744 3913 when
764 3864 806 3915 de·
857 3872 919 3928 quot
937 3862 1010 3915 alae:
1030 3862 1139 3928 primum
1151 3876 1198 3913 nee
1212 3862 1300 3912 restrui
1315 3877 1364 3928 po-

308 3928 382 3989 sired,
404 3927 510 3979 without
533 3929 688 3980 disturbenoe
713 3937 741 3980 to
763 3928 807 3979 the
857 3929 915 3979 terit
925 3927 1008 3980 aeies’

307 3993 406 4061 general
418 3992 497 4044 order.
529 3994 684 4060 'i'beproper
694 3994 769 4045 mode
779 3994 810 4045 of
