2984 4992
308 564 368 609 210
653 556 681 609 C.
708 556 806 608 IULII
829 556 1018 609 CAESARIS
1275 555 1315 622 [ὅ.
1328 553 1366 605 6-

141 734 195 779 ests
203 726 240 779 off
248 726 290 779 the
310 720 476 785 ficiscitur.
523 719 576 784 Illi
594 718 685 785 nulla
703 730 818 786 coacta
840 740 940 785 manu
960 718 1024 785 loci
1045 717 1212 803 praesidio
1232 717 1308 783 freti
1328 719 1394 784 iar

140 794 273 909 ffiffi
310 824 408 890 silvas
423 824 627 909 paludesque
642 823 836 908 confugiunt
851 844 976 907 suaque
993 823 1112 895 eodem
1127 823 1308 917 conferunt

141 930 170 974 ²⁰
181 924 225 974 ‘¹1⁶
236 988 251 1003 „
354 929 477 994 Caesar
492 930 623 1012 partitis
637 929 743 1012 copiis
757 949 834 992 curn
850 928 936 993 Gaio
953 927 1060 994 Fabio
1068 928 1180 1010 legato
1194 935 1229 993 et
1244 926 1365 992 Marco
1378 932 1400 983 6

141 990 260 1055 Menapia
312 1030 431 1097 Crasso
449 1043 625 1116 quaestore
646 1031 861 1115 celeriterque
882 1032 1008 1097 effectis
1030 1032 1189 1115 pontibus
1210 1031 1282 1095 adit
1302 1030 1364 1094 tri·

310 1138 442 1221 pertito,
456 1136 605 1203 aedificia
620 1136 779 1220 vicosque
798 1136 952 1215 incendit,
968 1156 1090 1220 magno
1109 1133 1238 1219 pecoris
1260 1144 1367 1216 atque

309 1240 482 1305 hominum
499 1261 636 1304 numero
651 1241 786 1323 potitur.
832 1238 964 1323 Quibus
978 1242 1076 1303 rebus
1091 1234 1199 1303 coac'ti
1211 1238 1364 1322 Menapii
1380 1260 1394 1293 2

311 1344 440 1429 legatos
470 1346 514 1410 ad
546 1364 623 1409 eum
656 1344 749 1428 pacis
778 1347 943 1430 petendae
968 1364 1067 1409 causa
1093 1343 1242 1407 mittunt.
1301 1342 1395 1408 Illes

311 1449 484 1514 obsidibus
506 1449 650 1533 acceptis
672 1448 818 1514 hostium
840 1468 877 1513 se
898 1447 1091 1511 habiturum
1118 1466 1258 1512 numero
1284 1466 1364 1512 con·

310 1552 430 1632 firmat,
444 1553 471 1617 si
494 1562 552 1618 aut
574 1552 807 1635 Ambiorigem
830 1562 888 1617 aut
910 1552 981 1616 eius
1003 1551 1133 1633 legatos
1151 1548 1274 1615 finibus
1294 1551 1364 1615 suis

309 1658 517 1740 recepissent.
554 1656 618 1720 His
630 1656 835 1722 confirmatis
848 1656 946 1721 rebus
959 1654 1150 1721 Commium
1163 1653 1364 1719 Atrebatem
1378 1675 1396 1719 4

309 1780 386 1824 cum
409 1760 559 1842 equitatu
582 1760 729 1825 custodis
753 1758 827 1825 loco
849 1760 881 1823 in
904 1758 1070 1843 Menapiis
1092 1757 1267 1841 relinquit3
1291 1758 1365 1841 ipse

309 1861 343 1925 in
360 1862 521 1928 Treveros
541 1863 765 1946 proficiscitur.

143 1970 279 2051 Meptime
356 1965 447 2030 Dum
462 1966 545 2030 haec
559 1987 580 2030 a
596 1966 738 2033 Caesare
758 1975 925 2050 geruntur,
941 1965 1077 2030 Treveri
1093 1964 1221 2047 magnis
1236 1964 1364 2029 coactis
1377 1973 1398 2028 Ἰ

141 2037 267 2154 fflff
312 2070 479 2151 peditatus
493 2071 726 2153 equitatusque
737 2072 840 2152 copiis
853 2070 1039 2135 Labienum
1050 2089 1127 2133 cum
1143 2088 1210 2133 una
1220 2066 1364 2151 legione,

141 2165 291 2245 hermeri
313 2192 398 2255 quae
414 2174 447 2237 in
462 2194 575 2239 eorum
591 2173 713 2239 finibus
728 2174 941 2247 hiemaverat,
955 2174 1075 2237 adoriri
1090 2174 1262 2255 parabant,
1281 2173 1365 2236 iam·
1382 2196 1395 2229 a

141 2232 300 2347 iiiiii}
312 2297 378 2360 que
400 2277 443 2341 ab
469 2298 510 2341 eo
532 2298 599 2343 non
633 2278 764 2360 longius
787 2278 880 2341 bidui
911 2278 966 2341 via
996 2277 1144 2353 aberant,
1167 2295 1245 2341 cum
1278 2276 1365 2340 duas

141 2371 280 2468 ΜΨ
312 2382 440 2447 venisse
473 2381 619 2466 legiones
656 2383 757 2447 missu
789 2381 938 2448 Caesaris
975 2390 1188 2464 cognoscunt.
1243 2380 1396 2453 Positis3

141 2444 237 2545 332?
312 2488 428 2551 castris
450 2507 470 2550 a
493 2486 622 2551 milibus
644 2506 803 2570 passuum
827 2499 878 2550 xv
900 2484 1026 2550 auxilia
1042 2484 1285 2549 Germanorum
1302 2504 1363 2549 ex·

312 2600 463 2673 spectare
474 2592 686 2655 constituunt.
719 2590 887 2655 Labienus
902 2590 1049 2653 hostium
1065 2589 1201 2672 cognito
1211 2590 1364 2667 consilio,
1378 2615 1396 2665 4

312 2712 446 2776 sperans
468 2694 657 2759 temeritate
676 2714 791 2761 eorum
813 2696 883 2758 fore
904 2693 1050 2776 aliquam
1065 2693 1245 2758 dimicandi
1261 2694 1365 2759 sacul-

311 2805 425 2874 tatem,
443 2797 606 2879 praesidio
621 2799 768 2881 quinque
783 2797 968 2863 cohortium
988 2798 1233 2883 impedimentis
1247 2798 1365 2864 relicto

312 2920 388 2965 cum
424 2900 539 2983 viginti
577 2902 722 2984 quinque
759 2900 951 2967 cohortibus
988 2921 1177 2987 magnoque
1213 2902 1365 2984 equitatu

311 3013 427 3069 contra
444 3004 575 3069 hostem
598 3003 816 3087 proficiscitur
835 3016 870 3072 et
887 3004 979 3068 mille
1000 3025 1157 3089 passuum
1174 3005 1366 3071 intermisso

312 3106 420 3190 spatio
446 3115 555 3173 castra
580 3108 774 3174 communit.
822 3108 906 3173 Erat
929 3110 1015 3173 inter
1043 3108 1229 3174 Labienum
1260 3120 1397 3191 atque5

310 3212 443 3276 hostem
458 3210 582 3276 difficili
597 3214 739 3277 transitu
755 3212 879 3277 flumen
893 3212 1040 3295 ripisque
1053 3213 1247 3296 praemptis.
1287 3213 1367 3279 Hoc

311 3334 419 3398 neque
434 3316 505 3398 ipse
519 3317 655 3380 transire
671 3315 817 3382 habebat
832 3316 866 3379 in
881 3316 993 3381 animo
1003 3336 1110 3398 neque
1120 3316 1234 3381 hostes
1244 3320 1366 3383 transi·

312 3429 405 3485 turos
427 3420 651 3485 existimabat.
695 3420 897 3502 Augebatur
914 3420 1116 3485 auxiliorum
1135 3420 1259 3486 cotidie
1278 3442 1399 3505 speao

313 3524 478 3607 Loquitur
500 3524 533 3587 in
555 3522 694 3589 concilio
721 3524 844 3608 palam,
870 3524 1028 3605 quoniam
1056 3523 1216 3589 Germani
1243 3546 1366 3609 appro-

313 3629 473 3713 pinquare
497 3629 657 3707 dicantur,
684 3648 757 3693 sese
782 3648 860 3691 suas
889 3627 1122 3711 exercitusque
1150 3628 1299 3694 fortunas
1330 3631 1366 3693 in

313 3730 451 3795 dubium
481 3752 548 3797 non
572 3733 809 3797 devocaturum
842 3740 876 3794 et
905 3741 1039 3814 postero
1069 3731 1124 3795 die
1154 3732 1262 3816 prima
1290 3733 1367 3798 luce

313 3844 421 3899 castra
446 3846 623 3901 moturum.
668 3834 827 3901 Celeriter
852 3835 934 3899 haec
959 3836 1002 3899 ad
1026 3834 1140 3899 hostes
1164 3836 1398 3914 deseruntur‚r

564 4042 615 4099 at
636 4054 656 4092 2.
675 4044 745 4091 duas
756 4044 935 4099 venissem.
968 4037 1113 4104 Seemd.
