2984 4992
105 525 191 593 sss]
329 524 383 575 os
405 524 529 577 scano
554 524 723 577 cumen.
776 526 846 577 urs.
876 526 929 577 νη
1093 514 1154 597 285

103 686 254 751 hostibus
284 685 497 770 exploratam
526 686 698 752 victoriam
729 687 919 767 dimisisset,
944 708 986 752 ne
1015 707 1154 772 parvum

105 791 205 855 modo
225 790 463 855 detrimentum
486 790 522 853 in
545 790 760 856 contentione
783 800 920 875 propter
946 791 1153 873 iniquitatem

78 916 92 963 s
105 893 166 959 loci
182 893 353 959 accideret.
383 893 522 977 Quanto
536 915 638 977 opere
652 914 769 959 eorum
780 895 881 959 animi
893 896 1154 980 magnitudinem

103 999 328 1073 admiraretur,
349 1018 434 1081 quos
455 1018 522 1062 non
548 1008 730 1063 castrorum
756 999 967 1075 munitiones,
991 1019 1058 1063 non
1080 999 1154 1064 alti-

104 1102 188 1167 tudo
210 1102 344 1177 montis,
357 1122 424 1166 non
444 1121 559 1166 murus
581 1102 697 1186 oppidi
716 1102 850 1168 tardare
873 1104 1045 1187 potuisset,
1061 1112 1156 1167 tanto

104 1226 205 1287 opere
221 1204 388 1271 licentiam
403 1206 693 1289 arrogantiamqne
707 1205 957 1289 reprehendere,
973 1208 1064 1291 quod
1081 1204 1156 1290 plus

105 1330 140 1374 se
168 1328 271 1392 quam
300 1308 534 1392 imperatorem
563 1310 607 1374 de
628 1310 767 1373 victoria
792 1320 893 1393 atque
923 1312 1017 1375 exitu
1048 1330 1156 1374 rernm

77 1414 226 1481 4sentire
240 1412 471 1477 existimarent
484 1438 492 1489 ;
520 1432 582 1477 nec
597 1413 705 1477 minus
720 1433 757 1477 se
772 1414 816 1478 ab
837 1412 943 1479 milite
957 1413 1156 1479 modestiam

107 1526 140 1581 et
166 1516 404 1582 continentiam
429 1536 531 1598 quam
553 1517 710 1581 virtutem
734 1526 837 1600 atque
863 1518 965 1583 animi
993 1516 1157 1601 magnitu-

108 1620 219 1685 dinem
235 1619 442 1685 desiderare!

54 1743 95 1797 58
151 1724 229 1789 Hac
242 1723 355 1789 habita
377 1724 533 1789 contione
553 1724 648 1789 etad
669 1733 856 1789 extremam
877 1725 1062 1791 orationem
1078 1744 1158 1791 con·

107 1828 247 1893 firmatis
271 1827 437 1907 militrhus,
464 1832 524 1893 ‘ne
545 1829 592 1892 ob
617 1828 703 1893 hanc
727 1848 862 1895 causam
886 1830 1000 1893 animo
1025 1848 1158 1913 permo-

106 1942 260 1997 verentur
289 1952 363 2009 που,
387 1933 479 2014 quod
505 1933 661 2014 iniquitas
684 1929 749 1997 loci
779 1932 955 2011 attulisset,
978 1934 1012 1998 id
1043 1934 1157 1999 virtuti

107 2035 253 2101 hostium
268 2034 465 2113 tribuerent’
481 2037 600 2100 eadem
614 2038 658 2101 de
678 2035 883 2119 proiectione
898 2037 1057 2121 cogitans,
1071 2056 1157 2121 quae
1169 2055 1242 2107 After
1252 2054 1321 2107 offer·

107 2149 184 2204 ante
196 2148 356 2214 senserat,
368 2140 516 2222 legiones
531 2158 576 2203 ex
591 2142 707 2205 castris
721 2140 841 2206 eduxit
851 2140 1022 2224 aciemque
1037 2142 1158 2207 idoneo
1168 2120 1301 2237 {2³¹2}ss

85 2242 181 2309 sloco
209 2243 394 2309 constituit.
440 2242 526 2308 Cum
559 2242 814 2327 Vercingetorix
844 2244 946 2309 nihilo
983 2248 1090 2327 magis
1124 2246 1157 2309 in
1170 2252 1225 2301 into
1236 2250 1279 2302 the

109 2368 252 2431 aequum
274 2346 384 2413 locum
410 2347 637 2427 descenderet,
660 2346 724 2412 levi
749 2348 838 2413 iacto
861 2350 1004 2431 equestri
1031 2348 1159 2433 proelio
1171 2317 1315 2435 annm

85 2462 207 2535 ,atque
224 2452 374 2519 secundo
396 2450 429 2515 in
451 2461 559 2515 castra
581 2452 766 2517 exercitum
793 2452 937 2517 reduxit.
983 2452 1069 2518 Cum
1094 2453 1160 2519 hoc
1262 2446 1266 2453 ’

111 2557 196 2621 idem
211 2566 349 2642 postero
364 2557 418 2620 die
428 2554 568 2633 lecisset,
577 2558 657 2620 satis
671 2558 716 2621 ad
728 2554 891 2621 Gallicam
902 2557 1161 2622 ostentationem

112 2660 326 2726 minuendam
356 2659 565 2742 militumque
594 2660 723 2725 animos
761 2657 1007 2725 confirmandos
1035 2661 1161 2726 iactum

84 2765 309 2835 rexistimans
335 2763 369 2827 in
391 2764 533 2828 Aeduos
557 2763 661 2828 movit
687 2772 803 2828 cestra
848 2764 999 2829 Netum
1025 2765 1161 2848 quidem

111 2868 266 2935 insecutis
290 2866 443 2933 hostibus
469 2868 572 2933 tertio
597 2868 720 2932 dicad
744 2866 868 2933 flumen
897 2866 1019 2933 Elaver
1042 2879 1163 2952 pontes

112 2972 212 3039 reficit
233 2990 343 3054 eoque
363 2972 548 3036 exercitum
569 2972 723 3036 traducit

58 3092 98 3144 54
155 3077 246 3143 Ibia
268 3075 483 3141 Viridomaro
510 3086 613 3157 atque
637 3075 867 3161 Eporedorige
892 3076 1024 3141 Aeduis
1047 3075 1160 3160 appel·
1174 3085 1273 3136 viride

113 3178 196 3246 latus
220 3179 323 3246 discit
344 3198 421 3244 cum
447 3180 539 3245 omni
564 3180 713 3261 equitatu
739 3179 945 3252 Litaviccum
971 3182 1014 3246 ad
1041 3178 1160 3245 sollici·
1173 3152 1327 3283 fflgsffi

112 3286 229 3350 tandos
249 3284 394 3349 Aeduos
414 3283 620 3368 proiectum3
649 3303 735 3367 opus
756 3304 829 3348 esse
851 3285 940 3367 ipsos
965 3284 1160 3349 antecedere
1172 3282 1252 3333 desert

88 3388 156 3452 aad
172 3387 433 3453 confirmandam
449 3387 629 3452 civitatem.
675 3386 749 3452 Etsi
764 3386 876 3451 multis
895 3388 960 3453 iam
977 3389 1074 3451 rebus
1088 3406 1161 3470 per-
1174 3348 1274 3400 emar.

114 3488 222 3557 fidiam
236 3490 437 3557 Aeduorum
454 3501 664 3574 perspectam
678 3491 826 3555 habebat
841 3500 943 3574 atque
960 3490 1081 3555 horum
1096 3490 1162 3555 dis-

114 3614 206 3661 cessu
219 3594 424 3661 admaturari
435 3593 658 3660 deiectionem
667 3594 807 3659 civitatis
816 3590 1039 3674 existimabat,
1051 3603 1164 3659 tamen

115 3718 171 3764 eos
186 3698 374 3765 retinendos
388 3718 456 3762 non
467 3699 646 3776 constituit„
655 3719 699 3764 ne
711 3708 770 3763 aut
784 3696 901 3763 inferre
912 3698 1062 3763 iniuriam
1074 3698 1164 3763 vide·

90 3812 203 3873 aretur
216 3814 276 3871 aut
293 3804 374 3868 dare
390 3802 521 3867 timoris
537 3802 682 3885 aliquam
698 3802 927 3885 suspicionem.
959 3802 1164 3868 Discedenti-

312 3958 769 4015 htl.§r.ssdem...qnaennte.
805 3960 910 4021 4555.

315 4024 368 4087 14.
384 4036 482 4083 soem,
494 4036 530 4072 se.
542 4020 689 4072 inAeduor.
