2984 4992
119 572 165 623 4¹1.
178 568 205 636 1]
348 566 401 618 DE
423 564 549 619 nmo
573 566 743 619 GALLICO.
794 568 864 619 ΠΒ.
894 567 948 621 VII
1111 558 1169 623 281

120 740 223 815 atque
251 750 368 795 omnes
395 728 453 795 illo
481 731 527 795 ad
556 730 773 796 munitionem
804 732 920 814 copiae
946 734 1171 799 traducuntur.

88 835 237 901 7Vacua
256 845 365 900 castra
383 834 530 899 hostium
549 834 673 900 Caesar
692 835 903 918 conspicatus
920 837 1018 902 tectis
1036 832 1170 921 insigni-

119 940 183 1003 bus
197 959 333 1004 suorum
347 937 587 1022 occultatisque
600 938 704 1022 signis
722 937 918 1005 militaribus
932 960 1023 1005 raros
1038 940 1171 1020 milites,

118 1062 162 1107 ne
177 1062 220 1106 ex
236 1042 364 1127 oppido
381 1043 729 1121 animadverterentur,
744 1063 788 1106 ex
807 1044 987 1108 maioribus
1007 1046 1123 1110 castris
1138 1047 1171 1109 in

85 1154 105 1203 a
119 1146 248 1211 minora
261 1146 404 1211 traducit
419 1144 613 1229 legatisque,
628 1166 713 1229 quos
726 1146 864 1231 singulis
878 1146 1063 1230 legionibus
1075 1168 1171 1231 prae-

118 1248 251 1323 fecerat,
277 1250 357 1333 quid
383 1248 455 1314 fieri
482 1250 571 1328 velit,
596 1249 764 1328 ostendit3
798 1250 960 1333 imprimis
984 1262 1106 1330 monet,
1133 1264 1171 1317 ut

118 1352 312 1417 contineant
330 1352 464 1429 milites,
481 1373 523 1417 ne
542 1353 653 1417 studio
675 1353 845 1437 pugnandi
868 1363 926 1417 aut
948 1374 1009 1437 spe
1026 1354 1170 1440 praedae

117 1456 249 1538 longius
264 1457 517 1540 progrediantur
529 1480 538 1533 ;
560 1458 643 1540 quid
658 1456 816 1540 iniquitas
830 1456 894 1523 loci
909 1458 1032 1523 habeat
1046 1459 1170 1523 incom-

83 1576 103 1625 9
118 1560 222 1636 modi,
235 1561 413 1644 proponit3
434 1560 500 1625 hoc
518 1581 585 1625 una
602 1560 773 1626 celeritate
794 1580 892 1645 posse
912 1562 1030 1626 mutari
1045 1587 1053 1640 ;
1076 1582 1170 1627 occa-

65 1695 102 1731 10
116 1663 221 1729 sionis
235 1685 308 1729 esse
323 1684 477 1743 rem,non
492 1664 616 1749 proelii.
662 1664 729 1729 His
743 1664 841 1729 rebus
857 1666 1020 1750 expositis
1034 1668 1166 1752 signum
1180 1682 1211 1733 he
1222 1680 1309 1733 makes

117 1768 179 1832 dat
208 1777 242 1833 et
270 1768 315 1832 ab
344 1769 466 1833 dextra
494 1778 591 1851 parte
618 1768 685 1833 alio
709 1788 847 1833 ascensu
874 1771 991 1834 eodem
1017 1747 1337 1877 ternpore{h‘ehe‘J'fflffssyls

114 1871 257 1937 Aeduos
278 1871 393 1937 mittit.
1180 1894 1273 1943 cumps,
1288 1878 1337 1930 and

50 2005 101 2057 46
162 1975 289 2060 Oppidi
312 1996 426 2041 murus
446 1997 468 2042 a
489 1974 632 2061 planicie
655 1984 756 2060 atque
779 1975 877 2042 initio
900 1996 1053 2043 ascensus
1079 1952 1294 2061 rectaffl?

116 2080 261 2162 regione,
284 2080 313 2143 si
342 2079 453 2145 nullus
480 2078 659 2146 amfractus
688 2080 916 2157 intercederet,
944 2092 1020 2145 MCC
1050 2100 1168 2166 passus
1178 2074 1257 2127 ‘¹²²⁰‘-

84 2183 249 2259 ,aberam
273 2184 435 2268 quidquid
464 2184 528 2248 huc
554 2184 710 2250 circuitus
735 2184 779 2249 ad
806 2184 1023 2249 molliendum
1047 2184 1167 2249 clivum

82 2299 312 2373 3accesserat,
337 2289 373 2353 id
397 2289 541 2371 spatium
564 2288 693 2353 itineris
710 2287 864 2372 augebat.
909 2288 945 2352 A
968 2290 1079 2354 medio
1100 2288 1168 2353 fere

115 2390 201 2457 colle
213 2393 247 2456 in
255 2392 509 2475 longitudinem,
518 2403 556 2459 ut
567 2402 687 2457 natura
698 2394 819 2457 montis
831 2390 965 2467 serebat,
978 2412 1022 2457 ex
1033 2392 1168 2476 grandi-

113 2496 179 2560 bus
202 2496 294 2561 saxis
317 2516 380 2561 sex
402 2498 526 2579 pedum
548 2516 690 2574 rounam,
712 2497 770 2579 qui
796 2504 984 2560 nostrorum
1006 2496 1166 2580 impeturn

114 2600 274 2675 tardaret,
293 2602 542 2685 praeduxerant
557 2599 646 2665 Galli
664 2609 767 2683 atque
784 2597 936 2663 inferiore
951 2600 1041 2665 omni
1058 2600 1167 2683 spatio
1183 2663 1186 2669 .

113 2722 224 2768 vacuo
237 2703 354 2769 relicto
367 2706 572 2789 superiorem
594 2713 723 2789 partem
739 2702 833 2768 collis
852 2704 1013 2787 usquead
1036 2722 1166 2767 murum

82 2807 233 2892 4oppidi
256 2808 462 2875 densissimis
484 2810 602 2872 castris
628 2807 886 2890 compleverant
933 2806 1061 2871 Milites
1087 2809 1168 2872 dato

112 2912 211 2993 signo
224 2911 373 2977 celeriter
385 2914 430 2976 ad
452 2913 671 2977 munitionem
692 2911 887 2993 perveniunt
903 2930 1043 2993 eamque
1062 2922 1168 2977 trans-

82 3016 221 3106 ⁵gressi
242 3016 336 3079 trinis
362 3016 479 3081 castris
504 3015 696 3099 potiuntur;
728 3035 769 3081 ac
790 3024 885 3079 tanta
909 3014 972 3078 fuit
996 3016 1029 3078 in
1053 3014 1168 3079 castris

113 3119 283 3201 capiendis
313 3118 472 3195 celeritas,
500 3128 538 3184 ut
569 3118 801 3197 Teutomatus,
831 3138 890 3183 rex
920 3118 1167 3203 Nitiobrogum,

114 3224 229 3287 subito
243 3223 279 3287 in
295 3222 507 3288 tabernaculo
522 3242 706 3305 oppressus,
718 3232 755 3287 ut
773 3220 910 3286 meridie
924 3222 1166 3304 conquieverat,

112 3327 282 3411 superiore
296 3328 444 3409 corporis
459 3337 555 3409 parte
569 3328 701 3404 nudata,
712 3326 884 3390 vulnerato
899 3346 986 3409 equo
996 3326 1054 3390 vix
1070 3346 1106 3389 sc
1121 3346 1166 3389 ex

112 3431 268 3495 manibus
282 3431 513 3515 praedantium
529 3429 669 3495 militum
684 3431 835 3513 eriperet.

46 3565 93 3620 47
158 3534 366 3600 Consecutus
391 3535 435 3613 id,
459 3536 550 3619 quod
574 3535 688 3599 animo
712 3542 937 3618 proposuerat,
963 3532 1086 3599 Caesar
1115 3550 1292 3603 renuente

147 3687 161 3743 ς
174 3696 198 3745 9.
214 3682 327 3738 mutari,
341 3676 554 3745 ‘compensated’
573 3729 577 3740 ,
665 3677 704 3729 his
720 3678 819 3739 author,
834 3678 978 3745 explaining
995 3677 1064 3728 these
1083 3678 1166 3728 words
1177 3619 1270 3669 munds
1280 3617 1323 3669 the

144 3752 193 3799 4⁷.
214 3751 228 3805 ἱ
250 3758 272 3796 1.
297 3754 466 3796 eomeuutns
497 3748 537 3806 ld,
567 3749 614 3797 do.
665 3744 901 3809 tomean‘liuding
915 3742 1018 3795 himself
1029 3744 1055 3793 in
1070 3758 1166 3809 posses·

110 3815 183 3864 Eveu
202 3812 337 3877 Napoleon
353 3810 394 3860 111
411 3811 506 3861 deserta
522 3810 616 3861 Caesar
665 3810 720 3860 sion
735 3810 765 3859 oi
777 3809 819 3860 the
834 3810 997 3875 opportunity
1008 3810 1040 3860 be
1051 3808 1165 3870 desired,’

110 3877 319 3941 hereuoelaring
330 3877 386 3926 that
402 3876 442 3926 bis
457 3875 538 3939 object
549 3885 615 3927 must
664 3876 755 3925 andsu
792 3877 871 3939 esting
880 3875 933 3925 that
943 3876 1036 3927 Caesar
1046 3882 1130 3926 meant
1140 3884 1167 3925 to

110 3946 176 3995 have
196 3944 258 3994 been
277 3950 306 3992 to
324 3942 383 3992 take
402 3942 529 4008 Gergovia
547 3942 614 4005 byn
663 3892 816 3991 reformglis
826 3949 912 4005 troops
922 3941 972 3993 md
983 3940 1041 3993 lead
1053 3942 1122 3993 them
1133 3956 1166 3991 ou

112 4009 211 4059 sudden
232 4007 335 4058 mult
375 4006 492 4072 Moberly
513 4008 560 4058 has
581 4022 613 4056 en
665 4005 941 4073 toaregularassanlt

110 4074 243 4142 ugeniour
253 4073 338 4125 devioe
348 4080 440 4124 tosave
447 4072 491 4124 the
501 4072 579 4125 credit
588 4071 618 4123 ol
