2984 4992
127 548 169 597 15.
184 544 211 612 ι]
362 544 416 597 DE
438 544 562 597 BELLO
587 546 757 599 GALLICO.
808 546 879 599 ΗΒ.
909 548 948 598 VI
1120 554 1181 617 217

127 706 258 772 duabus
288 708 331 772 de
360 709 469 773 causis
498 706 681 773 instituisse
709 708 871 787 videntur,
894 709 983 792 quod
1015 728 1123 791 neque
1146 709 1180 773 in

127 810 266 895 vulgum
287 812 494 896 disciplinam
514 810 623 877 efferri
638 812 741 877 velint
761 832 869 895 neque
883 832 951 891 eos,
966 814 1023 895 qui
1039 815 1179 893 discunt,

128 914 245 979 litteris
273 914 416 981 confisos
448 917 557 981 minus
586 916 769 981 memoriae
796 917 931 982 studere
943 938 951 996 ;
988 920 1080 999 quod
1111 917 1180 983 iere

127 1018 292 1103 plerisque
315 1020 445 1098 accidit,
468 1028 505 1084 ut
527 1020 692 1103 praesidio
712 1020 894 1085 litterarum
916 1021 1123 1105 diligentiam
1145 1022 1179 1085 in

97 1124 345 1206 5perdiscendo
379 1142 419 1187 ac
454 1123 649 1189 memoriam
682 1124 865 1188 remittant.
915 1124 1083 1207 Imprimis
1114 1124 1180 1191 hoc

126 1226 245 1291 volunt
274 1228 482 1309 persuadere,
513 1246 580 1291 non
610 1228 742 1293 interire
770 1228 908 1309 animas,
939 1230 998 1292 sed
1028 1229 1073 1292 ab
1105 1229 1180 1294 aliis

126 1340 205 1415 post
231 1339 372 1395 mortem
398 1330 539 1395 transire
561 1332 605 1396 ad
628 1330 720 1406 alios,
743 1341 846 1413 atque
871 1331 936 1396 hoc
960 1333 1110 1397 maxime
1134 1334 1178 1398 ad

94 1434 284 1499 ovirtutem
306 1435 445 1500 excitari
468 1444 587 1517 putant
609 1444 701 1500 metu
724 1436 841 1499 mortis
864 1435 1024 1519 neglecto,
1070 1436 1179 1501 Multa

127 1546 298 1621 praeterea
317 1538 361 1601 de
379 1538 539 1603 sideribus
561 1546 664 1619 atque
682 1557 797 1603 eorum
819 1548 922 1618 motu,
937 1539 981 1604 de
1003 1540 1117 1604 mundi
1140 1560 1179 1606 ac

125 1652 290 1707 terrarum
323 1642 559 1725 magnitudine,
589 1643 632 1705 de
667 1660 776 1705 rerum
810 1652 937 1722 natura,
966 1645 1011 1708 de
1041 1646 1179 1709 deorum

126 1744 366 1810 immortalium
387 1745 419 1809 vi
435 1764 474 1811 ac
491 1754 659 1829 potestate
679 1746 853 1829 disputant
873 1755 907 1811 et
928 1746 1090 1811 iuventuti
1110 1756 1179 1812 tra·

127 1850 222 1914 dunt.

70 1962 112 2018 15
174 1952 327 2017 Alterum
343 1972 448 2036 genus
462 1964 513 2019 est
528 1953 688 2037 equitum.
735 1952 883 2031 ilicum
904 1964 957 2020 est
976 1974 1055 2019 usus
1075 1964 1177 2038 atque
1190 1955 1295 2036 (tlThe

128 2056 263 2139 aliquod
275 2056 399 2122 bellum
416 2058 530 2122 incidit
539 2055 644 2143 (quod
660 2055 728 2122 iere
742 2067 821 2122 ante
833 2056 984 2123 Caesaris
995 2060 1176 2125 adventum
1189 2023 1306 2087 ungue.

125 2160 304 2243 quotannis
317 2161 465 2226 accidere
482 2160 620 2241 solebat,
636 2162 684 2225 uti
705 2170 765 2226 aut
784 2162 847 2247 ipsi
867 2162 1002 2227 iniurias
1023 2162 1177 2229 inferrent

162 2337 175 2393 ς
198 2346 222 2394 4.
250 2335 281 2381 in
303 2334 429 2391 vulgum.
473 2331 536 2381 This
564 2332 628 2382 form
677 2332 794 2384 videlicet
805 2342 834 2384 ut
844 2334 925 2383 forent
935 2332 968 2382 ad
979 2332 1046 2382 bella
1055 2332 1178 2394 meliores,

125 2412 215 2448 occurs
235 2397 289 2447 also
306 2397 332 2446 in
349 2396 411 2449 Sall.
427 2396 485 2463 Jng.
502 2396 543 2463 69,
561 2400 574 2457 ς
599 2412 626 2457 ²5
677 2406 788 2447 aeternas
803 2414 855 2449 esse
870 2399 966 2448 animas
976 2400 1104 2463 vitamque
1116 2397 1178 2449 alte·

126 2474 169 2527 73.
188 2467 201 2523 l
220 2477 250 2527 5:
271 2464 345 2528 Verg.
362 2465 427 2513 Aen.
445 2465 470 2513 ll.
488 2477 535 2528 99:
554 2462 626 2527 Livy,
676 2464 886 2514 ramadmaues!

125 2530 159 2578 ri.
173 2534 240 2591 Μ
253 2543 284 2593 5;
300 2529 365 2577 xxiv.
378 2542 418 2591 32,
432 2534 445 2589 ς
461 2529 544 2590 r,and
555 2528 628 2578 other
712 2527 866 2589 §Multa
876 2536 1030 2590 praeter-as,
1039 2532 1085 2579 to.
1106 2529 1178 2579 With

125 2594 235 2655 authors,
265 2595 309 2644 bnt
336 2594 430 2657 always
454 2594 479 2643 in
507 2594 550 2645 the
574 2610 626 2644 acc.
677 2594 727 2644 this
744 2610 850 2673 passage
868 2610 908 2660 cp.
926 2594 979 2645 Cic
996 2594 1055 2644 Diu.
1071 2595 1089 2643 i.
1105 2595 1118 2652 ς
1135 2607 1177 2659 90,

125 2660 150 2709 T
152 2660 196 2708 hat
215 2661 236 2708 it
253 2660 275 2709 is
293 2675 367 2711 masc.
389 2660 438 2709 aud
455 2666 500 2711 not
519 2667 585 2711 nent.
605 2660 627 2708 is
678 2660 759 2710 where
777 2660 884 2737 Quintus
902 2660 991 2711 Cicero
1013 2660 1035 2709 is
1056 2660 1131 2710 made
1150 2667 1178 2710 to

125 2725 221 2791 proved
243 2724 277 2790 by
298 2740 314 2775 a
336 2740 441 2791 passage
463 2725 527 2774 lrom
546 2722 627 2774 Varro
677 2740 721 2789 say
731 2734 759 2775 to
774 2726 814 2775 lus
825 2725 925 2775 brother
936 2728 1029 2789 ‘eaque
1046 2724 1177 2776 divinatio·

124 2790 255 2856 preserved
271 2791 303 2855 by
314 2790 412 2841 Nonius
423 2790 556 2841 Marcellus
572 2789 627 2856 (pp.
676 2806 737 2839 num
760 2792 824 2840 ratio
845 2806 877 2840 ne
898 2792 924 2839 in
946 2792 1059 2841 barbaris
1077 2790 1177 2857 quidem

126 2868 239 2919 230-231
255 2855 313 2919 ld),
325 2858 413 2922 ‘quem
424 2854 446 2905 sl
456 2856 546 2921 vulgus
560 2872 627 2906 secu·
676 2855 793 2933 gmtibus
808 2856 922 2919 neglecta
937 2864 985 2918 est,
996 2857 1017 2906 si
1034 2857 1136 2922 quidem
1152 2865 1178 2907 et

124 2930 167 2971 tus
178 2920 256 2971 esset?
678 2936 704 2970 m
728 2921 815 2972 Gallia
834 2922 946 2972 Druidae
967 2931 1033 2982 sunt,
1052 2938 1066 2972 e
1088 2922 1178 2987 quibus

158 2988 388 3045 saepissume.
422 2988 447 3037 Α
464 2986 542 3051 slight
558 2987 627 3053 pleo-
677 2987 969 3037 DivitiacumHseduum
975 2988 1101 3053 hospitem
1107 2996 1178 3037 tuum

124 3068 206 3104 nasm.
240 3052 288 3118 Cp.
300 3053 353 3103 Cic.
367 3053 434 3103 Lael.
448 3057 461 3113 ἦ
476 3054 557 3118 s·qui
573 3060 627 3103 tum
677 3052 882 3119 laudatoremque
892 3055 1009 3118 cognovi,
1018 3054 1178 3118 quietaatu·

124 3117 274 3169 iemmultis
283 3116 443 3169 eratinore!
677 3134 718 3169 rae
749 3120 878 3176 rationem.
908 3132 983 3184 qaam
1016 3116 1178 3181 φνσωληίαν

160 3189 174 3245 5
208 3198 231 3248 5.
267 3198 327 3234 uon
358 3188 477 3235 interire
510 3186 627 3235 mimas.
678 3186 768 3235 Graeci
789 3184 925 3250 appellant,
945 3192 1031 3234 nomm
1053 3198 1107 3233 esse
1128 3184 1177 3233 sibi

125 3250 226 3309 Strabo,
250 3250 282 3301 iv.
323 3287 330 3312 ,
352 3254 366 3310 t
428 3246 577 3313 ’ApOdprovs
600 3246 626 3299 tt
677 3249 875 3315 profitebaturet
889 3249 979 3315 partim
992 3249 1109 3313 auguriis,
1120 3264 1177 3313 par·

123 3314 280 3379 λᾶγουσικο)
335 3264 489 3364 assiduos
497 3312 628 3377 rdsrpuxrlr
676 3317 723 3365 tim
741 3316 889 3371 coniectura.
908 3330 972 3381 quse
992 3323 1073 3364 essent
1094 3314 1176 3363 future

124 3380 168 3430 real
179 3378 332 3443 rdrrdopor.
357 3379 526 3443 ἐπικρατήσειν
533 3378 559 3429 tt
568 3396 627 3429 sorr
676 3380 791 3431 dicebat!
811 3381 882 3430 Mela
891 3381 936 3444 (iii.
946 3385 977 3441 ἢ
987 3382 1026 3438 18,
1035 3379 1077 3443 ¹9)
1086 3379 1176 3444 speaks

125 3446 167 3495 nal
180 3447 228 3511 πῦρ
243 3444 284 3495 nol
298 3444 373 3508 doun:
392 3460 432 3497 see
448 3446 503 3497 also
520 3445 562 3497 the
579 3444 627 3497 nne
676 3456 704 3497 to
712 3446 756 3497 the
763 3462 832 3496 same
838 3445 1050 3495 effect-‘habent
1058 3455 1142 3494 tamen
1150 3451 1176 3494 et

218 3530 232 3563 e
248 3514 274 3562 in
290 3512 376 3563 Lucan
394 3510 421 3574 (i.
434 3512 543 3576 450-62)
559 3526 627 3577 upon
676 3512 820 3563 facundiam
833 3526 904 3562 suam
915 3510 1097 3575 magistrosque
1109 3508 1176 3574 sapi·

124 3579 170 3628 the
220 3578 288 3627 ruids
308 3577 357 3627 aad
381 3577 445 3627 tlrelr
467 3577 579 3628 doctrine
600 3576 630 3627 oi
676 3578 758 3629 entiae
768 3576 875 3627 druidas
908 3576 935 3625 hl
950 3585 1028 3626 terrae
1043 3575 1177 3640 mundique

124 3642 296 3709 immortality.
347 3646 371 3693 Α
407 3645 448 3693 ian
490 3642 627 3708 (Schweig-
677 3642 873 3709 magnitudinem
900 3649 925 3691 et
951 3641 1067 3700 formam,
1092 3649 1176 3689 motus

124 3710 223 3767 haliser,
234 3710 285 3759 vol.
297 3710 314 3758 i.
324 3724 349 3774 p.
362 3718 393 3773 75
417 3708 533 3759 transfers
544 3716 572 3759 to
584 3708 627 3759 the
676 3710 740 3760 caell
757 3724 786 3759 ac
802 3707 917 3768 siderum,
929 3717 954 3757 et
971 3706 1030 3772 quid
1047 3706 1083 3756 dii
1099 3705 1177 3756 velint

124 3776 250 3826 Germane
265 3774 333 3825 what
352 3776 445 3824 Caesar
463 3788 520 3840 says
540 3773 570 3823 os
584 3774 627 3825 the
676 3772 903 3839 scireprofitentur,
937 3772 1028 3823 docent
1042 3771 1175 3821 rnaltsuo·

124 3840 215 3900 Gauls,
228 3838 268 3889 sal
282 3836 386 3889 θανάτου
400 3848 510 3903 nemppe
541 3837 581 3888 sat
597 3839 628 3890 δι’
676 3839 811 3889 bilustmos
819 3837 901 3903 gentis
911 3837 977 3889 clam
988 3846 1014 3888 et
1024 3838 1076 3895 diu,
1084 3837 1177 3887 vicenis

123 3904 381 3967 latitabundum.
415 3905 485 3956 Mela
498 3904 569 3968 (Μ
586 3918 614 3970 ¹9
677 3905 757 3967 annis
775 3913 819 3954 ant
836 3903 862 3953 in
880 3918 956 3969 specu
978 3910 1021 3953 aut
1039 3904 1065 3953 iu
1084 3902 1177 3953 abditis

124 3988 183 4035 says
200 3972 230 4022 oi
248 3972 293 4022 the
313 3972 408 4021 Drulds
427 3976 519 4021 ‘uuum
538 3986 569 4021 ex
586 3970 626 4021 hls
675 3967 797 4021 salubm’

123 4052 189 4105 quae
205 4038 360 4105 praecipiunt
375 4038 401 4087 ln
416 4036 506 4103 vulgus
522 4034 624 4099 effluxit,
