2984 4992
281 542 321 621 48
628 553 655 607 c.
681 553 780 606 ruarr
802 552 989 607 causam
1226 550 1287 617 [ao.
1302 564 1340 621 7-

281 735 352 781 esse
371 724 484 781 nostro
499 716 661 781 exercitui
680 736 747 781 non
765 714 943 799 potuerint.
989 714 1027 781 Si
1047 736 1133 799 quos
1151 714 1373 781 adversuma

281 819 442 902 proelium
467 828 503 883 et
529 818 609 903 fuga
631 818 805 885 Gallorum
830 829 1062 897 commoveret,
1085 820 1156 899 hos,
1177 821 1206 884 si
1228 840 1336 902 quae·

282 932 400 1001 rerent,
415 922 556 1007 reperire
571 942 670 1006 posse
685 924 904 988 diuturnitate
921 922 1000 987 belli
1019 920 1209 1009 defatigatis
1224 923 1335 989 Gallis

281 1027 498 1106 Ariovistum,
513 1046 589 1092 cum
609 1027 734 1093 multos
755 1046 886 1092 menses
906 1026 1022 1092 castris
1043 1047 1081 1093 se
1094 1047 1134 1091 ac
1153 1026 1335 1113 paludibus

282 1130 440 1197 tenuisset
456 1151 565 1213 neque
583 1131 634 1195 sui
653 1140 856 1214 potentatem
876 1130 1015 1209 fecisset,
1030 1133 1243 1214 desperantes
1264 1133 1335 1197 iarn

282 1236 325 1299 de
340 1254 453 1321 pugna
473 1246 508 1301 et
529 1234 695 1319 dispersos
715 1234 828 1301 subito
850 1235 1006 1301 adortum
1028 1236 1135 1319 magis
1153 1236 1280 1301 ratione
1293 1246 1335 1301 et

282 1340 418 1405 consilio
435 1358 535 1421 quam
549 1340 672 1405 virtute
686 1340 811 1404 vicisse.
831 1336 906 1433 lCui
921 1339 1041 1404 rationi
1052 1348 1170 1405 contra
1180 1339 1334 1404 homines
1347 1362 1372 1413 9

282 1444 439 1510 barbaros
462 1452 565 1527 atque
593 1444 764 1527 imperitos
793 1442 886 1507 locus
909 1442 1034 1521 fuisset,
1058 1442 1122 1509 hac
1149 1464 1192 1507 ne
1219 1444 1334 1525 ipsum

282 1548 416 1630 quidem
433 1567 566 1629 sperare
580 1558 711 1613 nostros
726 1547 892 1613 exercitus
906 1546 979 1629 capi
997 1566 1105 1629 posse.
1149 1546 1217 1629 Qui
1231 1567 1334 1611 suum
1352 1572 1396 1607 ιο

282 1650 437 1716 timorem
458 1651 492 1715 in
509 1651 554 1715 rei
575 1650 808 1715 frumentariae
826 1650 1072 1716 simulationem
1092 1650 1336 1733 angustiasque

283 1754 407 1818 itineris
426 1753 623 1829 conferrent,
639 1753 747 1819 facere
766 1764 967 1837 arroganter,
983 1774 1059 1817 cum
1077 1764 1138 1819 aut
1159 1753 1203 1818 de
1220 1753 1336 1821 officio

282 1857 488 1940 imperatoris
502 1857 677 1941 desperare
691 1867 750 1923 aut
765 1857 987 1942 praescribere
1000 1858 1197 1923 viderentur.
1234 1858 1335 1924 Haec
1351 1877 1388 1914 ¹1

282 1960 345 2024 sibi
360 1979 432 2025 esse
446 1980 563 2025 curae:
586 1959 790 2027 frumentum
805 1959 987 2043 Sequanos,
1006 1960 1144 2039 Leucoe,
1160 1960 1335 2046 Lingones

282 2063 538 2139 subministrare,
553 2063 687 2147 iamque
701 2084 775 2130 esse
789 2065 823 2129 in
837 2065 926 2147 agris
940 2062 1105 2129 frumenta
1119 2074 1269 2144 matura;
1287 2068 1336 2131 de

282 2168 397 2233 itinere
413 2168 502 2251 ipsos
516 2167 607 2233 brevi
623 2178 776 2252 tempore
794 2168 1005 2233 iudicaturos.
1049 2168 1151 2251 Quod
1172 2189 1239 2233 non
1260 2169 1391 2235 forcia

281 2272 373 2337 dicto
395 2272 568 2337 audientes
590 2290 698 2353 neque
719 2272 816 2355 signa
837 2271 935 2336 laturi
957 2272 1118 2351 dicantur,
1134 2273 1215 2337 nihil
1236 2295 1274 2338 se
1290 2296 1337 2341 ea

282 2396 316 2439 re
331 2375 555 2440 commoveri:
579 2374 662 2439 scire
677 2375 776 2449 enim,
788 2376 1052 2457 quibuscumque
1063 2378 1229 2443 exercitus
1240 2378 1338 2443 dicto

282 2479 419 2544 audiens
434 2500 500 2544 non
520 2478 626 2555 fuerit,
641 2489 698 2544 aut
718 2477 806 2544 male
825 2499 861 2545 re
880 2489 975 2563 gesta
993 2477 1159 2545 fortunam
1178 2481 1337 2562 defuisse,

283 2595 341 2648 aut
355 2583 469 2666 aliquo
486 2582 632 2648 facinore
650 2592 822 2666 comperto
840 2583 1012 2649 avaritiam
1029 2604 1102 2649 esse
1123 2586 1310 2650 convictam
1327 2611 1337 2649 ε

283 2708 377 2752 suam
393 2688 614 2753 innocentiam
631 2696 793 2772 perpetua
806 2690 886 2767 vita,
894 2686 1085 2752 felicitatem
1099 2688 1337 2757 Helvetiorum
1354 2714 1394 2765 13

318 2858 375 2917 58.
392 2860 545 2907 advenum
561 2860 709 2918 proellum,
727 2856 785 2908 ‘de-
866 2860 879 2916 t
902 2870 940 2907 ra.
965 2860 1044 2908 dioto
1066 2862 1201 2912 mulene:
1225 2875 1266 2926 39,
1284 2865 1298 2922 ς
1319 2872 1337 2926 7

283 2920 349 2973 feet!
383 2922 430 2988 Cp.
451 2924 491 2983 18,
505 2926 517 2981 t
533 2936 569 2973 10.
606 2922 662 2972 The
676 2923 785 2974 allusion
833 2922 1071 2974 ‘dictoaudleutea.'

283 2990 343 3038 isto
360 2987 402 3038 the
420 2988 499 3038 battle
516 2986 545 3038 of
560 2988 784 3053 Admagetobriga,
863 2991 1033 3049 oonrlotm,
1074 2990 1200 3057 ‘brought
1240 2992 1339 3045 home?

284 3066 324 3116 31,
338 3057 351 3112 t
366 3066 403 3102 rr.
832 3053 887 3104 The
905 3056 1071 3105 construction
1082 3058 1242 3107 ‘conducere
1254 3058 1339 3110 alicui

317 3123 675 3183 §9.aparare....poaae:
695 3120 784 3182 3,§8
831 3116 977 3185 aliquid’is
991 3119 1095 3184 implied
1112 3122 1198 3184 hythe
1213 3133 1339 3176 contexte

286 3180 501 3251 ‘pomaperant’
832 3186 876 3235 but
898 3184 959 3235 anch
978 3201 994 3235 a
1016 3188 1182 3238 construction
1204 3188 1266 3239 does
1287 3199 1339 3242 not

317 3255 330 3309 t
350 3264 386 3299 10.
405 3251 464 3306 Qut
480 3264 565 3298 auum
581 3252 722 3311 timorem,
738 3252 784 3300 dtu.
831 3248 941 3315 actually
952 3266 1034 3301 occur.

284 3318 337 3366 ‘Aa
355 3314 481 3365 forthere
498 3314 556 3364 who
578 3314 713 3379 pretendcd
730 3314 785 3367 that
866 3318 927 3379 513.
940 3319 1140 3367 innocentiana
1159 3318 1341 3372 ‘Innocentius’

283 3382 348 3432 their
363 3380 500 3431 ferramere
517 3380 594 3430 about
607 3378 717 3445 supplica
733 3380 785 3431 and
830 3395 883 3431 was
899 3396 945 3431 oue
962 3380 991 3431 of
1008 3382 1050 3431 the
1067 3383 1158 3433 virtues
1175 3384 1258 3436 which
1274 3402 1340 3437 cou-

283 3448 325 3497 the
347 3444 487 3497 difficulties
506 3444 536 3495 of
550 3444 592 3494 the
610 3445 696 3496 route.‘
731 3446 784 3497 ‘rei
831 3445 1193 3499 stitutedtheRomanidealof
1198 3452 1341 3505 chancer.

283 3512 456 3563 frumentariae
479 3510 677 3561 simulationem'
705 3512 727 3561 is
756 3514 785 3561 ‘a
830 3511 887 3561 The
908 3514 1025 3577 meaning
1045 3512 1075 3563 of
1089 3515 1112 3574 lt
1125 3512 1146 3563 is
1161 3516 1260 3567 evideut
1276 3518 1341 3569 here

284 3588 398 3643 pretence
427 3576 503 3626 about
525 3574 649 3641 suppliea'
683 3574 786 3641 strictly
830 3576 896 3627 from
928 3577 961 3627 ita
993 3579 1068 3644 being
1099 3582 1240 3631 contrasted
1272 3583 1341 3635 with

318 3778 392 3831 511.
416 3775 534 3823 Leucoe.
568 3774 654 3823 About
672 3772 738 3822 Toul
751 3773 786 3823 ln
831 3776 1100 3839 compuntpartsof
1107 3776 1148 3826 the
1159 3730 1340 3830 Romidegrr

283 3836 326 3887 the
369 3836 526 3903 department
565 3836 595 3889 of
625 3838 784 3889 Meurtheet·
832 3854 896 3889 were
924 3838 1008 3901 ‘fidea,
1036 3842 1184 3904 constantia,
1215 3845 1338 3907 multas,

283 3901 398 3953 Moselle.
831 3904 958 3963 industria,
987 3907 1160 3971 temperantia,
1190 3906 1338 3971 clementia,

316 3972 435 4025 umque.
453 3967 586 4034 Napoleou
598 3968 785 4021 menealne·
831 3969 944 4030 faciliter,
956 3969 1113 4022 humanitaa’

283 4032 337 4083 that
348 4034 368 4083 it
379 4048 429 4083 was
439 4049 496 4083 now
508 4034 629 4099 Augai.
865 4036 1040 4087 teumtntem
1073 4035 1145 4089 With
1161 4035 1205 4087 the
1221 4039 1339 4092 Romana
