2984 4992
326 510 389 571 270
673 504 701 554 c
727 502 825 554 rum
848 502 1036 557 CAESARIS
1278 502 1338 569 [so.
1351 504 1384 554 o

326 668 498 733 consilium
519 666 624 733 totius
647 665 777 732 Galliae
799 665 1003 743 effecturum,
1026 666 1119 730 cuius
1140 666 1317 731 consensui
1340 686 1383 729 ne

326 772 416 837 orbis
435 772 571 855 quidem
589 780 750 835 terrarum
772 773 876 855 possit
896 772 1076 848 obsistere3
1098 770 1197 853 idque
1217 790 1255 833 se
1275 790 1382 853 prope

327 877 394 941 iam
409 875 563 941 effectum
577 875 709 940 habere.
755 875 888 941 Interea
908 894 1052 959 aequum
1073 894 1146 938 esse
1165 874 1210 938 ab
1230 874 1270 937 iis
1290 889 1407 939 coru-7

327 981 435 1045 munis
449 980 563 1044 salutis
583 1000 682 1045 causa
702 980 880 1062 impetrari,
896 990 934 1043 ut
954 988 1062 1043 castra
1083 978 1209 1043 munire
1228 977 1381 1043 institue-

328 1092 411 1166 rent,
422 1105 489 1167 quo
504 1081 629 1147 facilius
643 1083 833 1166 repentinos
847 1084 992 1148 hostium
1003 1084 1147 1165 impetus
1159 1081 1379 1146 sustinerent!

158 1183 238 1261 arcet
249 1184 279 1233 ⁰¹
373 1188 451 1252 Fuit
468 1188 551 1251 haec
568 1188 677 1252 oratio
696 1208 763 1251 non
783 1187 914 1271 ingrata
934 1186 1047 1269 Gallis,
1061 1196 1096 1251 et
1116 1186 1274 1267 maxime,
1288 1188 1380 1269 quod
1393 1186 1431 1239 ³0

157 1250 197 1298 Μ
207 1249 303 1314 ‘m
327 1292 400 1374 ipse
414 1291 527 1357 auimo
542 1312 608 1355 non
619 1291 784 1355 defecerat
794 1300 889 1355 tanto
900 1300 1038 1375 accepto
1048 1290 1260 1355 incommodo
1272 1310 1380 1373 neque

326 1416 363 1460 se
388 1396 421 1459 in
452 1393 619 1459 occultum
648 1394 823 1460 abdiderat
853 1405 888 1458 et
916 1404 1129 1477 conspectum
1161 1393 1381 1458 multitudinis

325 1498 473 1583 fugerat3
503 1498 645 1581 plusque
667 1499 778 1562 animo
803 1498 977 1583 providere
1003 1510 1036 1563 et
1062 1498 1264 1582 praesentire
1290 1500 1404 1562 exis-²

324 1602 515 1684 tirnabatur‚
536 1604 626 1685 quod
650 1623 685 1666 re
711 1602 838 1685 integra
861 1602 968 1685 primo
991 1601 1233 1667 incendendum
1256 1600 1378 1666 Avari-

325 1727 411 1787 cum,
426 1715 503 1789 post
519 1706 738 1771 deserendum
758 1718 939 1772 censuerat.
987 1707 1103 1791 ltaque
1119 1717 1157 1771 ut
1176 1707 1377 1788 reliquorum
1391 1727 1404 1772 s

325 1811 564 1892 imperatorum
595 1829 647 1873 res
681 1811 840 1875 adversae
873 1810 1105 1876 auctoritatem
1138 1810 1301 1892 minuunt,
1332 1812 1401 1875 sic-

324 1912 420 1975 huius
439 1933 485 1976 ex
504 1913 670 1978 contrario
691 1914 837 1997 dignitas
859 1914 1073 1979 incommodo
1094 1923 1234 1996 accepto
1255 1914 1289 1977 in
1305 1914 1378 1978 dies

324 2016 516 2100 augebatur.
561 2015 668 2081 Simul
691 2017 725 2080 in
747 2037 841 2099 spem
864 2018 1040 2083 veniebant
1063 2017 1131 2081 eius
1154 2016 1404 2083 affirmatione4

324 2120 367 2185 de
387 2120 520 2203 reliquis
538 2121 758 2204 adiungendis
779 2120 965 2187 civitatibus
972 2144 983 2197 ς
1006 2122 1214 2204 primumque
1234 2142 1276 2185 eo
1292 2132 1377 2185 tem-

324 2244 406 2306 pore
421 2223 509 2289 Galli
532 2234 640 2289 castra
661 2226 789 2289 munire
811 2225 1020 2289 instituerunt
1043 2226 1144 2289 etsie
1164 2235 1242 2289 sunt
1263 2226 1376 2289 animo

323 2328 510 2394 confirmati
531 2329 684 2393 homines
705 2330 824 2393 insueti
849 2330 982 2411 laboris,
1002 2339 1039 2392 ut
1061 2330 1184 2410 omnia,
1204 2348 1291 2413 quae
1314 2332 1377 2393 im-

323 2445 523 2515 perarentur,
539 2431 600 2497 sibi
616 2433 774 2517 patienda
789 2432 1026 2497 existimarent.

155 2546 286 2611 Verdnge
368 2537 441 2600 Nec
463 2538 581 2617 minus,
594 2556 696 2619 quam
719 2546 771 2603 est
793 2536 967 2618 pollicitus,
986 2535 1243 2619 Vercingetorix
1262 2539 1374 2601 animo
1389 2544 1422 2597 ³1

154 2614 312 2727 ffiffiff'
323 2638 509 2719 laborabat,
538 2650 575 2704 ut
605 2638 747 2723 reliquas
776 2640 924 2705 civitates
955 2640 1157 2723 adiungeret,
1186 2650 1289 2723 atque
1318 2662 1375 2705 eas

154 2744 257 2821 ΜΨ
269 2742 313 2794 the
324 2744 422 2808 donis
452 2743 809 2827 pollicitationibusque
835 2742 1008 2809 alliciebat.
1053 2744 1141 2810 Huic
1167 2741 1214 2809 rei
1237 2746 1401 2811 idoneos²

153 2816 273 2873 pennen.
324 2847 474 2911 homines
489 2847 667 2930 deligebat,
682 2868 823 2931 quorum
839 2850 979 2931 quisque
996 2859 1053 2913 aut
1070 2849 1219 2914 oratione
1233 2850 1376 2915 subdola
1478 2930 1479 2941 ἵ

323 2961 382 3016 aut
404 2950 548 3015 amicitia
570 2951 725 3016 facillime
747 2971 866 3034 capere
888 2962 1011 3035 posset.
1055 2951 1123 3035 Qui
1146 2952 1292 3018 Avarico
1315 2972 1402 3019 ‹ex-s

323 3064 473 3139 pugnato
485 3053 680 3139 refugerant,
690 3057 869 3121 armandos
877 3056 1133 3139 vestiendosque
1141 3065 1235 3122 curat
1243 3080 1251 3137 ;
1266 3059 1375 3139 simul,
1388 3082 1403 3126 4
1478 3042 1479 3101 l

322 3167 361 3223 ut
385 3160 578 3223 deminutae
603 3159 719 3242 copiae
745 3160 1053 3245 redintegrarentur,
1079 3160 1222 3242 imperat
1248 3172 1374 3225 certum

322 3282 494 3327 numerum
518 3262 659 3326 militum
680 3264 874 3341 civitatibus,
890 3283 987 3347 quem
1009 3273 1044 3327 et
1063 3284 1163 3347 quam
1184 3267 1374 3332 antediem

322 3368 357 3431 in
371 3377 479 3433 castra
499 3366 621 3432 adduci
636 3366 724 3444 velit,
739 3368 992 3451 sagittariosque
1006 3388 1130 3443 omnes,
1144 3388 1288 3450 quorum
1303 3382 1375 3435 erat

322 3491 522 3555 permagnus
547 3492 703 3535 numerus
729 3472 763 3534 in
788 3471 905 3549 Gallia,
927 3472 1073 3555 conquiri
1099 3481 1133 3535 et
1156 3472 1199 3535 ad
1224 3492 1261 3537 se
1289 3476 1375 3539 mitti
1478 3520 1479 3525 η

321 3575 423 3639 iubet.
470 3576 535 3639 His
557 3576 654 3639 rebus
676 3574 824 3639 celeriter
845 3576 890 3654 id,
909 3577 999 3659 quod
1023 3575 1155 3639 Avarici
1178 3576 1375 3661 deperierat,

322 3678 486 3764 expletur.
534 3678 669 3743 Interim
699 3678 927 3758 Teutomatus,
956 3677 1162 3744 Olloviconis
1191 3679 1289 3760 filius,
1315 3704 1399 3755 rexs
1478 3690 1479 3715 ¹

322 3862 636 3941 getorixereetedbybim
653 3865 822 3944 atSftReine
905 3870 945 3917 81.
968 3870 981 3925 ς
1003 3880 1026 3917 r.
1051 3880 1161 3927 uapore,
1185 3882 1220 3920 sc.
1250 3870 1374 3936 'reliquas

321 3927 439 4045 (ml,
473 3929 521 3982 see
548 3930 588 3997 69,
614 3937 627 3992 t
648 3944 661 3981 a
685 3936 728 3982 ‘ru
757 3932 822 3984 colle
872 3928 999 3984 civiutec'
