2984 4992
292 568 334 628 92
641 561 668 612 c.
693 561 791 614 rurrr
811 561 999 614 caasaars
1241 563 1297 629 [ru
1314 577 1349 614 1-

295 743 380 787 nova
395 731 498 804 atque
514 723 670 788 inusitata
684 723 794 808 specie
804 725 963 789 commoti
971 723 1101 808 legatos
1113 725 1156 789 ad
1167 723 1346 790 Caesarem

126 833 198 897 They
210 834 255 884 uk
294 826 336 889 de
362 846 445 908 pace
472 827 727 910 miseruntqui
754 829 798 892 ad
824 828 913 891 bunc
944 829 1080 893 modurn
1111 828 1230 894 locuti:
1255 833 1379 894 ‘non2

125 899 165 947 ω’
176 915 258 963 peaoe,
294 929 486 994 existimare
506 930 676 995 Romanos
697 932 769 996 sine
787 951 852 1016 ope
872 931 984 996 divina
1001 931 1127 996 bellum
1145 953 1268 1016 gerere,
1286 934 1346 1015 qui

294 1042 406 1097 tantae
439 1033 625 1098 altitudinis
656 1035 918 1100 machinationes
945 1047 1041 1101 tanta
1066 1037 1235 1100 celeritate
1268 1058 1346 1120 pro·

294 1157 426 1203 movere
441 1146 578 1221 possent
587 1161 597 1214 3
621 1159 657 1202 se
675 1157 803 1221 suaque
820 1139 933 1203 omnia
950 1159 1066 1204 eorum
1087 1140 1246 1222 potestati
1267 1161 1378 1223 per-3

294 1242 427 1306 mittere
448 1242 613 1306 dixerunt.
658 1243 776 1308 Unum
798 1251 911 1324 petere
932 1263 971 1308 ac
992 1244 1181 1327 deprecari:
1209 1244 1237 1306 si
1259 1243 1381 1315 forte4

294 1363 356 1426 pro
378 1365 438 1408 sua
456 1345 633 1410 clementia
655 1366 694 1410 ac
716 1345 979 1424 mansuetudine,
995 1366 1097 1427 quam
1120 1347 1183 1430 ipsi
1205 1347 1250 1411 ab
1271 1347 1345 1412 aliis

294 1449 457 1523 audirent,
472 1451 643 1514 statuisset
664 1449 864 1514 Aduatucos
886 1470 959 1514 esse
978 1453 1231 1527 conservandos,
1247 1471 1290 1514 ne
1307 1471 1345 1516 se

294 1553 395 1616 amris
410 1553 617 1635 despoliaret.
662 1552 735 1618 Sibi
752 1574 868 1618 omnes
889 1553 958 1618 fere
972 1553 1131 1619 finitimos
1148 1574 1221 1618 esse
1235 1555 1344 1618 inimi·
1359 1577 1376 1627 5

295 1675 351 1720 cos
380 1676 419 1720 ac
449 1677 528 1721 suae
557 1658 672 1722 virtuti
703 1657 869 1735 invidere3
901 1679 922 1722 a
951 1657 1073 1739 quibus
1102 1679 1139 1722 se
1168 1657 1345 1723 defendere

294 1760 425 1824 traditis
451 1761 549 1825 armis
576 1781 642 1826 non
669 1772 815 1844 possent.
861 1760 933 1826 Sibi
957 1771 1135 1845 praestare,
1158 1762 1187 1826 si
1210 1762 1243 1825 in
1266 1778 1377 1827 eume

294 1882 408 1926 casum
436 1864 684 1942 deducerentur,
707 1866 861 1946 quamvis
887 1865 1053 1929 fortunam
1077 1887 1098 1930 a
1125 1867 1251 1949 populo
1274 1867 1344 1932 Ro-

296 1985 397 2030 mano
421 1967 501 2048 pati,
526 1985 626 2049 quam
650 1970 695 2032 ab
720 1969 773 2032 his
796 1990 855 2052 per
878 1969 1060 2034 cruciatum
1087 1968 1234 2046 interfici,
1259 1973 1347 2034 inter

294 2088 379 2150 quos
401 2071 562 2134 dominari
586 2070 821 2136 consuessent.²

127 2186 219 2233 tutare
227 2182 282 2232 told
337 2172 396 2236 Ad
421 2173 503 2238 haec
531 2173 653 2238 Caesar
679 2176 869 2260 respondit:
905 2196 942 2240 se
971 2178 1078 2260 magis
1107 2179 1403 2243 consuetudinem

125 2249 262 2364 {fflffi
294 2297 355 2341 sua
383 2297 485 2359 quarn
516 2278 635 2343 merito
649 2299 780 2344 ¹eorum
810 2280 978 2344 civitatem
1009 2291 1289 2357 conservaturum,
1315 2283 1344 2346 si

125 2381 273 2428 enarratius.
294 2383 393 2465 prius,
409 2402 510 2463 quam
533 2402 663 2446 murum
685 2385 771 2447 aries
788 2385 962 2467 attigisset,
985 2407 1021 2450 se
1040 2387 1263 2464 dedidissent3
1284 2388 1375 2451 seda

294 2486 473 2550 deditionis
495 2486 620 2550 nullam
644 2507 716 2552 esse
742 2489 972 2554 condicionem
996 2490 1059 2554 nisi
1082 2491 1180 2555 armis
1204 2491 1346 2556 traditis

294 2587 341 2654 Se
365 2590 409 2665 id,
436 2591 528 2672 quod
555 2591 589 2654 in
617 2591 749 2656 Nerviis
774 2591 915 2668 fecisset,
937 2593 1100 2657 facturum
1129 2594 1348 2677 finitimisque

293 2694 540 2777 imperaturum,
553 2713 595 2758 ne
608 2714 710 2776 quam
727 2696 893 2760 dediticiis
904 2697 1019 2781 populi
1036 2697 1180 2762 Romani
1190 2699 1347 2762 iniuriam

294 2796 459 2861 inferrent.
517 2798 569 2861 Re
598 2801 749 2863 nuntiata
784 2800 828 2864 ad
858 2821 945 2877 suos,
975 2820 1062 2882 quae
1095 2803 1379 2887 imperarentur,3

126 2908 242 2973 Seeming
255 2917 282 2959 to
294 2899 402 2964 facere
416 2901 584 2965 dixerunt.
630 2902 811 2968 Armorum
827 2924 949 2988 magna
964 2905 1177 2971 multitudine
1191 2907 1234 2971 de
1249 2927 1347 2972 muro
1360 2932 1381 2980 4

125 2973 249 3090 ffipffli,
294 3004 328 3068 in
351 3003 484 3082 fossam,
502 3024 588 3086 quae
610 3017 681 3070 erat
703 3015 780 3070 ante
803 3009 974 3092 oppidum,
993 3010 1090 3088 iacta,
1113 3011 1160 3072 sic
1182 3020 1220 3074 ut
1240 3032 1346 3095 prope

126 3106 243 3166 demand,
294 3127 459 3172 summam
485 3109 569 3172 muri
596 3111 793 3194 aggerisque
815 3111 1027 3178 altitudinem
1049 3114 1157 3179 acervi
1177 3135 1345 3180 armorum

126 3171 249 3286 {ignea
293 3214 528 3294 adaequarent,
553 3223 587 3277 et
610 3225 724 3277 tamen
754 3215 884 3279 circiter
914 3225 1010 3300 parte
1037 3219 1143 3297 tertia,
1166 3228 1203 3282 ut
1227 3228 1347 3302 postea

126 3309 190 3366 pert,
293 3326 504 3400 perspectum
527 3327 587 3395 est,
609 3317 717 3382 celata
739 3326 843 3400 atque
868 3319 902 3383 in
925 3323 1051 3405 oppido
1078 3331 1219 3401 retenta,
1240 3325 1347 3406 portis

295 3420 477 3505 patefactis,
493 3441 533 3486 eo
548 3421 603 3484 die
618 3441 700 3504 pace
715 3431 793 3485 sunt
807 3423 867 3489 usi.

328 3671 369 3716 81.
388 3671 436 3729 53.
455 3671 598 3718 dixerunt.
632 3666 686 3718 'l'he
702 3666 798 3730 subject
875 3671 919 3720 82.
937 3673 950 3728 5
971 3683 993 3718 a.
1019 3673 1170 3720 dediticiis.
1204 3671 1296 3735 Subst,
1319 3691 1349 3725 as

295 3731 325 3782 of
334 3731 505 3845 thquffi',
518 3732 623 3782 ‘locuti'
635 3733 711 3800 being
721 3734 798 3799 perti·
841 3734 892 3860 isui.
904 3739 1008 3850 affin
1025 3751 1066 3799 44,
1081 3739 1094 3795 5
1107 3749 1131 3799 5.
1166 3737 1345 3804 Adiiniiry,

295 3798 379 3848 ciia.
871 3814 899 3851 a:
989 3806 1023 3861 ,5
1052 3838 1058 3851 .

318 3813 482 3924 ptaqrm
503 3868 714 3916 ...audirent
748 3865 797 3931 Cp.
876 3871 926 3929 55.
943 3815 1133 3917 ninnium
1158 3868 1348 3934 ‘Alterreport-

296 3929 333 3977 ill.
358 3939 395 3990 η,
420 3933 432 3986 5
453 3943 462 3976 1
489 3929 563 3979 ‘llac
590 3931 675 3980 audita
697 3929 798 4046 penger:
842 3931 886 3994 ing
900 3932 943 3981 the
959 3940 1049 3981 muner
1059 3941 1086 3982 to
1096 3931 1161 3982 their
1175 3942 1346 4000 counuymen,

295 3993 352 4043 The
373 4009 423 4042 acc.
446 3993 468 4042 is
489 3995 615 4059 generally
634 3995 715 4045 confin
769 4003 797 4045 to
842 3996 902 4059 they
917 3998 1027 4048 merted
1044 3998 1099 4048 that
1114 3997 1174 4063 they
1185 4014 1249 4050 were
1265 4017 1349 4067 carry-

295 4057 397 4109 andible
408 4057 498 4122 things.
842 4063 887 4127 ing
896 4069 942 4113 out
953 4063 996 4113 the
1006 4063 1106 4114 ordera'
