2984 4992
320 503 379 566 168
672 513 699 566 C.
726 513 823 566 IULII
846 513 1034 567 CAESARIS
1288 517 1328 584 [8.
1340 515 1374 566 6-

319 673 464 759 amplius
485 672 699 760 octingentae
722 695 791 740 uno
816 685 912 742 erant
933 675 1025 742 visae
1045 683 1208 760 tempore,
1231 695 1253 740 a
1276 675 1374 741 litore

319 779 538 845 discesserant
551 799 591 846 ac
605 799 642 844 se
660 778 694 844 in
709 781 879 864 superiora
894 780 967 846 loca
981 779 1188 846 abdiderant.

149 884 260 998 mqirg
364 881 487 948 Caesar
504 882 661 968 exposito
678 883 829 949 exercitu
844 892 880 949 et
898 881 972 948 loco
992 883 1109 948 castris
1125 883 1247 949 idoneo
1262 891 1408 966 captum

150 950 281 1066 ζῗὶῃέζζ,
320 985 377 1052 ubi
397 1005 443 1050 ex
467 986 610 1071 captivis
633 987 801 1072 cognovit,
828 1007 896 1070 quo
923 986 957 1051 in
983 986 1057 1052 loco
1081 987 1228 1054 hostium
1255 987 1372 1072 copiae

149 1081 262 1197 §raffau
319 1091 558 1170 consedissent,
572 1089 765 1156 cohortibus
780 1091 896 1157 decem
912 1092 956 1157 ad
976 1111 1069 1158 mare
1083 1091 1208 1156 relictis
1222 1100 1258 1154 et
1279 1091 1373 1173 equi-

150 1209 301 1276 aguinstrhe
319 1194 411 1260 tibus
436 1193 681 1277 trecentisqui
703 1195 870 1280 praesidio
896 1196 1038 1262 navibus
1060 1205 1180 1273 essent,
1203 1195 1248 1260 de
1273 1195 1372 1260 tertia

149 1291 272 1394 ms
320 1297 435 1383 vigilia
460 1299 503 1364 ad
529 1297 643 1364 hostes
669 1299 852 1373 contendit,
876 1318 917 1363 eo
941 1299 1051 1364 minus
1072 1299 1196 1364 veritus
1220 1298 1371 1376 navibus,

149 1409 249 1458 riveria
320 1403 411 1487 quod
428 1403 461 1466 in
483 1403 581 1468 litore
598 1401 693 1469 molli
711 1411 814 1486 atque
832 1411 947 1489 aperto
969 1402 1134 1486 deligatas
1151 1402 1195 1468 ad
1216 1423 1371 1468 ancoram

150 1472 256 1523 s'teoi
372 1508 380 1521 .
701 1506 709 1523 .
738 1507 746 1522 .
856 1507 864 1524 .
1005 1507 1013 1522 .
1196 1506 1204 1523 .

180 1553 228 1597 em,
240 1538 290 1588 sud
321 1507 538 1590 relinquebat,
553 1516 588 1571 et
603 1509 770 1589 praesrdro
788 1508 930 1574 navibus
946 1505 1110 1592 Quintum
1125 1505 1264 1572 Atrium
1280 1527 1372 1590 prae·

151 1611 291 1720 3132?ss
321 1610 410 1677 fecit.
457 1610 534 1694 lpse
548 1619 648 1676 noctu
663 1630 858 1696 progressus
878 1611 971 1677 milia
991 1631 1150 1696 passuum
1172 1611 1303 1677 circiter
1318 1623 1398 1674 xl1²

150 1732 305 1800 magnoin
321 1714 467 1782 hostiurn
497 1714 611 1798 copias
639 1715 850 1798 conspicatus
887 1725 945 1780 est
992 1714 1046 1779 Illi
1083 1715 1235 1798 equitatu
1273 1725 1398 1796 atques

321 1819 447 1883 essedis
472 1818 516 1882 ad
539 1817 664 1883 flumen
688 1818 855 1902 progressi
877 1838 922 1882 ex
945 1816 1020 1884 loco
1047 1819 1216 1904 superiore
1240 1830 1373 1884 nostros
1482 1863 1483 1876 ,

320 1903 495 2006 pffibibere
517 1929 551 1987 et
576 1921 740 2006 proelium
762 1923 971 1996 committere
992 1931 1181 2006 coeperunt
1232 1923 1399 2008 Repulsir
1482 1931 1483 1948 ¹

321 2027 365 2091 ab
379 2024 530 2108 equitatu
547 2045 584 2090 se
599 2024 633 2088 in
648 2025 749 2090 silvas
764 2027 965 2092 abdiderunt
985 2027 1096 2092 locum
1113 2027 1226 2104 nancti
1241 2029 1373 2111 egregie

321 2138 356 2193 et
379 2137 496 2194 natura
518 2139 552 2194 et
574 2150 676 2213 opere
702 2131 877 2210 munitum,
898 2149 1000 2213 quem
1024 2117 1208 2196 domesfiff
1223 2131 1315 2210 belli,
1338 2142 1374 2195 ut

320 2233 506 2311 videbatur,
520 2251 619 2298 eausa
642 2233 708 2296 iam
730 2244 808 2299 ante
828 2243 1126 2320 praeparaverant;
1149 2255 1228 2302 nam
1250 2235 1398 2301 crebriss

320 2337 495 2420 arboribus
510 2336 647 2402 succisis
662 2356 779 2402 omnes
800 2338 954 2403 introitus
976 2350 1069 2404 erant
1084 2339 1257 2422 praeclusi.
1304 2339 1372 2423 Ipsi
1385 2348 1399 2398 t

321 2461 366 2509 est
381 2439 472 2505 silvis
487 2440 551 2504 rari
572 2441 828 2526 propugnabant
847 2449 1044 2526 nostrosque
1066 2443 1151 2507 intra
1173 2443 1374 2509 munitiones

322 2544 451 2627 ingredi
469 2543 699 2627 prohibebant.
744 2541 796 2610 At
815 2545 937 2610 milites
960 2545 1102 2630 legionis
1123 2547 1288 2629 septimae
1307 2557 1398 2612 tes-t

321 2649 439 2713 tudine
468 2646 557 2712 iacta
585 2657 621 2712 et
638 2651 844 2742 agmad
875 2650 1074 2714 munitiones
1104 2650 1237 2717 adiecto
1264 2645 1405 2738 locumf
1482 2687 1483 2732 y

322 2760 478 2834 ceperunt
499 2771 623 2834 eosque
643 2773 689 2816 ex
710 2753 803 2818 silvis
825 2753 1025 2838 expulerunt
1047 2755 1163 2838 paucis
1184 2753 1375 2820 vulneribus

321 2854 477 2939 acceptis.
524 2854 592 2920 Sed
623 2874 681 2918 eos
706 2855 873 2939 fugientes
902 2856 1034 2941 longius
1065 2856 1190 2923 Caesar
1218 2861 1400 2942 prosequis
1482 2855 1483 2868 ¹

322 2958 439 3036 vetuit,
453 2966 488 3022 et
510 2959 601 3040 quod
622 2957 688 3022 loci
713 2969 866 3028 naturam
886 2962 1072 3044 ignorabat,
1088 2972 1123 3026 et
1141 2963 1234 3046 quod
1255 2983 1375 3046 magua
1482 3013 1483 3018 η

323 3071 418 3144 parte
433 3061 500 3127 diei
516 3073 713 3149 consumpta
734 3063 910 3130 munitioni
932 3075 1114 3130 castrorum
1129 3076 1265 3150 tempus
1279 3068 1373 3132 relin-

324 3165 381 3250 qui
396 3163 538 3230 volebat

369 3269 535 3334 Postridie
555 3269 627 3334 eius
647 3271 716 3334 diei
732 3291 830 3336 mane
852 3271 1019 3356 tripertito
1042 3272 1166 3338 milites
1180 3275 1378 3370 equitesque
1388 3293 1422 3346 ιο

357 3481 481 3558 emplius
510 3483 698 3558 ootlncentgse.
749 3479 827 3530 Athe·
907 3485 935 3531 9.
949 3482 963 3540 t
977 3494 999 3530 1.
1015 3483 1182 3532 cohortibus
1192 3486 1301 3533 desem„
1324 3485 1376 3536 Teu

325 3560 402 3596 naeus
419 3545 464 3610 (m
486 3557 533 3608 ²7³
550 3547 578 3607 b)
595 3554 700 3611 quoting
716 3544 828 3596 Caessr's
874 3545 975 3598 eohorts
985 3545 1194 3612 madeulegiou:
1214 3549 1377 3615 butwerusy

324 3607 461 3688 lienteuant
480 3611 557 3661 Cotta
576 3610 666 3676 speaks
684 3611 718 3688 'oi
734 3612 828 3661 Caesar
874 3625 983 3726 suEpose
1005 3611 1097 3662 Caesar
1118 3623 1145 3662 to
1171 3614 1235 3690 bave
1260 3615 1375 3692 leibtwo

326 3690 354 3724 as
370 3675 465 3741 bumug
484 3677 584 3727 mossed
602 3683 630 3726 to
650 3677 744 3729 Bntaiu
763 3673 828 3737 μετὰ
875 3691 907 3728 co
924 3686 977 3728 orts
985 3677 1264 3730 iromeechofhrsfive
1273 3681 1374 3744 legrous

326 3739 829 3872 effrenatissimis
876 3745 1141 3859 risibilis„
1154 3751 1242 3859 “⁹¹33
1262 3749 1374 3871 ⁰:¹2⁰*

327 3870 468 3934 empbssize
479 3871 583 3923 theisct
597 3873 660 3949 tbst,
671 3873 769 3939 despite
779 3873 829 3924 this
908 3875 1021 3951 flumen.
1053 3873 1109 3951 The
1131 3825 1210 3925 ἀεὶ
1233 3825 1310 3926 §tissi
1335 3831 1372 3926 at-

327 3936 411 4050 smple
422 3937 651 4054 'ffifnmffim'
663 3938 756 3989 Caesar
769 3937 829 4052 ontly
875 3939 980 4016 cordmg
994 3947 1022 3988 to
1034 3938 1135 4000 Lewm
1152 3941 1195 3990 tbe
1211 3941 1290 3993 Little
1303 3941 1374 3994 stou

327 4011 371 4052 too
397 4017 429 4050 wr
484 4018 521 4052 rm
605 4011 828 4069 privateservaus
875 4004 1009 4070 scsordsug
1019 4012 1047 4056 to
1057 4005 1192 4071 Nspoleou
1204 4006 1255 4058 111.
