2984 4992
132 579 214 646 unq]
375 578 429 631 ns
451 577 575 631 sarco
599 578 768 633 satum.
819 580 890 632 cra
916 581 935 632 r
1143 586 1183 652 37

83 748 120 811 at
177 742 232 806 Eo
256 741 396 807 concilio
426 741 565 807 dimisso
594 742 695 806 iidem
724 740 891 826 principes
916 739 1097 817 civitatum,
1123 739 1181 825 qui
1193 754 1295 819 Appen
1305 761 1333 804 to

131 855 210 910 ante
231 845 370 925 fuerant,
392 844 435 911 ad
459 844 635 911 Caesarem
659 854 862 910 reverterunt
886 846 1126 929 petieruntque,
1144 818 1342 951 utgffiffi

131 948 213 1013 ‘sibi
227 958 356 1014 secreto
371 944 420 1037 [in
435 944 581 1037 occulto]
598 950 641 1013 de
660 968 721 1014 sua
741 948 957 1031 omniumque
975 948 1082 1015 salute
1103 967 1180 1014 cum
1192 952 1340 1001 Ariovistus

105 1072 173 1117 neo
195 1072 294 1137 agere
319 1052 449 1119 liceret!
494 1052 547 1117 Ea
569 1073 605 1118 re
628 1052 807 1136 impetrata
828 1073 901 1117 sese
923 1071 1039 1117 omnes
1063 1050 1183 1118 flentes

133 1155 267 1222 Caesari
292 1157 337 1221 ad
361 1158 465 1249 pedes
487 1156 716 1240 proiecerunt:
746 1160 831 1219 ‘non
854 1156 963 1220 minus
986 1176 1022 1221 se
1044 1155 1080 1221 id
1101 1175 1181 1221 con-

130 1260 268 1326 tendere
283 1269 318 1324 et
332 1260 490 1337 laborare,
505 1279 548 1325 ne
565 1280 614 1341 ea,
629 1279 716 1344 quae
732 1260 906 1339 dixissent,
922 1259 1181 1341 enuntiarentur,

130 1382 233 1445 quam
252 1362 301 1428 uti
321 1384 371 1443 ea,
385 1383 472 1446 quae
493 1362 623 1442 vellent,
638 1363 861 1447 impetrarent,
881 1373 1059 1448 propterea
1080 1364 1181 1448 quod,

129 1468 156 1531 si
179 1468 388 1532 enuntiatum
409 1476 505 1542 esset,
519 1486 687 1532 summurn
706 1466 740 1531 in
761 1467 944 1532 cruciatum
966 1487 1003 1533 se
1023 1478 1180 1533 venturos

103 1569 298 1651 ,viderent’
344 1570 494 1637 Locutus
530 1580 581 1637 est
617 1591 679 1653 pro
710 1569 762 1634 his
801 1569 988 1636 Divitiacus
1018 1569 1180 1636 Aeduus:

126 1674 279 1740 ‘Galliae
307 1675 410 1740 totius
446 1673 604 1741 sactiones
640 1694 713 1739 esse
748 1674 855 1753 duas3
892 1674 1011 1739 harum
1046 1674 1180 1740 alterius

100 1779 348 1864 ,principatum
363 1788 477 1843 tenere
491 1778 641 1859 Aeduos,
656 1777 792 1843 alterius
813 1778 991 1842 Arvernos.
1039 1776 1087 1841 Hi
1101 1798 1179 1843 cum

127 1892 304 1964 tantopere
325 1884 368 1947 de
390 1890 566 1967 potentatu
591 1883 678 1947 inter
701 1901 737 1945 se
768 1880 892 1946 multos
915 1900 1019 1947 annos
1044 1891 1178 1947 conten·

126 1985 254 2062 derent,
277 1986 400 2051 laetum
424 2006 506 2065 esse,
528 1986 577 2050 uti
599 1987 645 2051 ab
663 1984 823 2050 Antemis
846 1984 1075 2069 Sequanisque
1097 1984 1180 2051 Ger·

99 2084 218 2165 5mani
256 2086 409 2152 mercede
438 2094 686 2151 arcesserentur.
742 2084 881 2149 Horum
908 2085 1017 2169 primo
1050 2085 1181 2151 circiter

128 2189 219 2253 milia
234 2203 285 2252 xv
301 2188 457 2255 Rhenum
473 2190 629 2255 transisse
642 2213 650 2268 ς
666 2198 885 2273 posteaquam
897 2208 996 2271 agros
1006 2198 1041 2255 et
1051 2188 1178 2253 cultum

127 2304 160 2358 et
175 2294 290 2377 copias
307 2292 478 2359 Gallorum
499 2292 650 2359 homines
668 2293 726 2357 leri
747 2312 788 2358 ac
805 2292 935 2358 barbari
954 2292 1178 2370 adamassem,

125 2399 301 2462 traductos
330 2397 459 2483 plures3
495 2416 582 2464 nunc
610 2416 682 2462 esse
711 2396 744 2459 in
776 2395 885 2461 Gallia
913 2396 958 2460 ad
984 2405 1117 2459 centum
1143 2407 1178 2462 et

98 2501 242 2585 oviginti
267 2501 394 2566 milium
417 2520 601 2567 numerum.
647 2498 735 2565 Cum
759 2499 812 2563 his
837 2498 977 2564 Aeduos
998 2516 1179 2582 eorumque

126 2605 266 2671 clientes
281 2604 383 2669 semel
399 2615 500 2689 atque
516 2606 635 2671 iterum
649 2604 751 2668 armis
766 2602 977 2668 contendisse
992 2623 1000 2679 ;
1022 2622 1178 2686 magnam

125 2708 351 2775 calamitatem
361 2709 474 2793 pulsos
483 2709 659 2792 accepisse,
668 2726 802 2772 ornnem
812 2705 1033 2785 nobilitatem,
1042 2726 1178 2771 omnem

98 2823 291 2893 7senatum,
314 2832 446 2878 omnem
474 2814 658 2897 equitatum
685 2811 846 2877 amisisse.
891 2808 1021 2894 Quibus
1043 2810 1177 2894 proeliis

122 2916 439 2999 calamitatibusque
464 2916 593 2995 fractos,
617 2916 673 2999 qui
703 2926 738 2980 et
767 2934 828 2979 sua
855 2914 980 2980 virtute
1003 2922 1037 2979 et
1059 2914 1176 2998 populi

124 3020 272 3085 Romani
287 3019 434 3105 hospitio
449 3029 549 3103 atque
564 3018 710 3085 amicitia
729 3018 909 3104 plurimum
924 3026 1004 3083 ante
1019 3018 1053 3081 in
1069 3016 1177 3085 Gallia

122 3124 321 3212 potuissent,
347 3134 481 3190 coactos
509 3142 581 3188 esse
615 3122 780 3207 Sequanis
809 3122 943 3187 obsides
971 3122 1053 3187 dare
1083 3124 1178 3187 uobi-

123 3231 268 3297 lissimos
296 3227 440 3293 civitatis
467 3236 501 3293 et
525 3226 735 3292 iureiurando
761 3226 930 3293 civitatem
962 3224 1176 3307 obstringere,

155 3422 225 3478 814
241 3429 260 3467 1.
280 3418 331 3476 qui
340 3420 406 3465 snts
417 3416 539 3475 camut,
551 3411 623 3463 ‘who
672 3414 721 3471 via,
741 3412 791 3463 end
807 3412 867 3475 they
881 3413 946 3463 hare
961 3412 1008 3463 lest
1021 3410 1087 3461 their
1102 3426 1175 3462 nume

122 3484 256 3535 hsdscted
268 3498 300 3531 on
311 3482 355 3531 the
366 3482 480 3547 previous
491 3475 623 3530 occasion!
673 3480 699 3529 in
719 3479 763 3529 the
781 3479 878 3528 district
895 3476 924 3527 ol
937 3477 1076 3542 Auvergne,
1091 3476 1174 3527 which

155 3554 266 3601 rosseto
285 3547 326 3612 [ln
340 3546 472 3610 ooou1t0],
487 3545 622 3611 ‘spemin
673 3544 784 3594 includes
813 3543 857 3594 the
883 3543 915 3593 de
997 3548 1052 3593 eutr
1078 3540 1109 3591 oi
1131 3540 1175 3593 tlte

124 3615 218 3665 secret!
251 3612 308 3663 Tbe
322 3612 395 3662 latter
411 3612 493 3662 words
510 3626 553 3661 are
571 3624 623 3660 sur·
672 3606 907 3673 Puy-de-Dlimeau
936 3606 1035 3657 Cuntal.

123 3681 214 3745 pected
233 3678 472 3743 arbelngagloss
492 3690 560 3743 upon
579 3676 622 3726 the
708 3680 757 3738 57.
776 3681 850 3724 ante.
884 3672 1174 3723 Evenartarbsclrrs

123 3746 219 3797 tormer.
674 3750 728 3789 ac.
749 3752 793 3789 rar
813 3739 856 3789 the
873 3738 956 3788 Aedui
976 3752 1040 3788 were
1057 3738 1129 3790 sllies
1146 3740 1177 3790 ol

158 3814 392 3941 Ξέηὲιινέἔέἓζεὶ
403 3808 625 3939 Εὓοὲῃῖεῃῆξέοῐ
672 3804 970 3936 qqfegieqrzmmpgpltqe
978 3804 1177 3935 miqqewtgmthef

188 3943 280 4000 mnes,
674 3937 719 3987 the
733 3936 885 4001 Allobroges
900 3950 953 3986 vu
970 3935 1033 3986 their
1050 3936 1173 3987 vlolstlon

156 4008 276 4073 unguine
292 4006 326 4056 ab
342 4004 423 4056 Iliaco
441 4002 548 4071 pupuli!
675 4000 705 4054 ol
725 4003 768 4053 tlte
790 4002 894 4054 Aedusu
915 4001 1036 4066 territory.
1076 4000 1173 4053 huod

124 4070 625 4139 'lbecspltaloithenrverniquergo-
674 4083 701 4136 p.
714 4078 755 4135 72.
