2984 4992
336 536 397 600 254
681 526 709 578 c.
735 525 832 579 tuan
854 524 1075 580 carr-sams·
1306 530 1345 597 [s
1360 527 1397 579 o-
1485 578 1486 606 ,

1485 624 1486 652 l

338 690 378 756 Id
393 710 476 754 eane
490 691 533 754 de
547 708 657 767 causa,
672 709 774 772 quam
789 690 907 774 legatis
921 690 1182 773 pronuntiarunt,
1191 710 1235 755 an
1250 689 1423 774 perfidias

337 794 473 859 adducti
494 791 640 872 fecerint,
661 794 753 877 quod
780 794 862 859 nihil
888 796 985 861 nobis
1006 804 1148 869 constat,
1170 815 1238 859 non
1260 795 1396 860 uidetur
1485 864 1486 875 2

337 918 399 981 pro
413 908 505 963 certo
520 918 593 963 esse
615 898 880 981 proponendum.
925 898 1091 983 Bituriges
1110 919 1226 965 eorum
1242 900 1394 965 discessu
1410 914 1422 965 7

337 1001 450 1065 statim
468 1021 545 1066 cum
560 1000 718 1066 Arvernis
733 1002 922 1085 iunguntur.

169 1115 263 1165 cmo
384 1104 448 1169 His
470 1106 569 1170 rebus
589 1105 624 1168 ln
648 1103 782 1169 Italiam
810 1105 943 1170 Caesari
964 1104 1124 1171 nuntiatis
1146 1124 1222 1170 cunr
1246 1105 1315 1170 iam
1339 1102 1429 1169 illes
1485 1154 1486 1163 ,

168 1180 319 1296 ξζῗῇἓω
339 1210 480 1273 urbanas
517 1228 569 1272 res
603 1208 726 1274 virtute
759 1208 844 1273 Gnei
882 1208 1020 1294 Pompei
1056 1210 1321 1274 commodiorem
1360 1210 1396 1272 in
1485 1190 1486 1195 ἵ

169 1313 248 1363 '³¹²oe-
337 1321 463 1376 statum
479 1312 667 1395 pervenisse
684 1311 901 1395 intellegeret,
917 1312 950 1376 in
971 1311 1226 1395 Transalpinam
1244 1312 1395 1377 Galliam

170 1424 314 1503 quruhe
339 1414 507 1499 profectus
536 1424 596 1481 est
651 1414 705 1479 Eo
741 1435 818 1480 cum
850 1416 1001 1491 venisset,
1033 1435 1155 1498 magna
1191 1412 1424 1480 difficultate:

167 1491 313 1623 ffllffl‘
338 1517 552 1595 afficiebatur,
566 1538 633 1601 qua
653 1519 782 1584 ratione
803 1518 847 1584 ad
869 1520 1051 1585 exercitum
1074 1520 1246 1602 pervenire
1270 1530 1396 1601 pomer„

340 1621 430 1686 Nam
443 1622 471 1687 si
490 1621 637 1706 legiones
656 1622 690 1685 in
710 1622 915 1705 provinciam
934 1630 1123 1698 arcesseret,
1139 1643 1176 1686 se
1196 1622 1341 1687 absente
1361 1624 1424 1686 ins

337 1726 453 1791 itinere
468 1724 594 1809 proelio
614 1724 828 1791 dimicaturas
843 1726 1079 1809 intellegebat3
1102 1726 1131 1789 si
1147 1726 1218 1809 ipse
1234 1726 1279 1789 ad
1296 1747 1425 1795 exer-4

338 1829 441 1892 citum
458 1828 683 1903 contenderet,
697 1850 739 1894 ne
760 1830 800 1894 iis
815 1831 951 1912 quidem
971 1851 1012 1895 eo
1033 1840 1194 1914 tempore,
1208 1830 1266 1912 qui
1290 1831 1397 1913 quieti
1485 1824 1486 1843 ¹

338 1931 537 2010 viderentur,
551 1952 645 1996 suam
662 1931 805 1997 salutem
822 1943 912 1998 recte
926 1932 1092 1997 committi
1106 1931 1252 1997 videbat.

172 2042 300 2094 maurus
384 2034 522 2099 Interim
545 2036 720 2099 Lucterius
744 2036 915 2101 Cadurcus
939 2038 973 2100 in
997 2036 1149 2101 Rutenos
1172 2036 1293 2101 missus
1320 2053 1428 2108 eamr

170 2109 288 2225 {fflffi
338 2137 508 2205 civitatem
527 2138 686 2202 Arvernis
705 2139 868 2205 conciliat
915 2140 1111 2223 Progressus
1134 2138 1166 2203 in
1187 2138 1425 2225 Nitiobriges:

171 2241 315 2356 ffi'inffth
341 2251 375 2307 et
391 2240 538 2307 Gabalos
551 2242 596 2307 ab
614 2241 762 2325 utrisque
781 2242 916 2307 obsides
936 2242 1058 2327 accipit
1081 2251 1115 2308 et
1135 2263 1259 2328 magna
1278 2255 1397 2310 coacta

170 2322 262 2436 erog
273 2370 303 2421 or
315 2322 330 2356 ε
341 2366 442 2411 manu
457 2346 490 2409 in
504 2345 707 2429 provinciam
719 2345 913 2410 Narbonem
930 2366 1044 2411 versus
1060 2345 1270 2431 eruptionem
1286 2347 1398 2413 lacere

172 2437 270 2487 emar.
340 2451 522 2515 contendit.
566 2448 643 2531 Qua
672 2468 707 2512 re
732 2450 885 2515 nuntiata
913 2448 1036 2515 Caesar
1065 2450 1220 2513 omnibus
1249 2452 1425 2519 consiliiss

339 2554 613 2619 antevertendum
629 2553 849 2631 existimavit,
863 2563 901 2617 ut
915 2554 1107 2617 Narbonem
1122 2552 1396 2635 proficisceretur.

340 2656 393 2721 Eo
404 2676 480 2722 cum
491 2658 643 2730 venisset,
654 2656 811 2721 timentes
825 2654 1009 2734 confirmat,
1020 2657 1186 2739 praesidia
1202 2658 1237 2721 in
1252 2657 1398 2724 Rutenis
1412 2686 1426 2731 4

339 2760 608 2842 provincialibus,
617 2760 733 2825 Volcis
745 2759 958 2837 Arecomicis,
970 2759 1186 2825 Tolosatibus
1200 2761 1397 2845 circumque

340 2864 543 2937 Narbonem,
557 2883 644 2946 quae
663 2861 738 2927 loca
758 2862 910 2929 hostibus
932 2872 1027 2927 erant
1047 2862 1196 2941 finitima,
1211 2867 1399 2943 constituit,

340 2975 469 3049 partem
490 2968 658 3051 copiarum
681 2987 726 3031 ex
749 2966 920 3050 provincia
939 2965 1288 3051 supplementumque,
1303 2974 1396 3053 quod
1412 2994 1426 3043 s

340 3091 385 3135 ex
410 3070 508 3135 Italia
529 3071 728 3149 adduxerat,
751 3069 784 3132 in
809 3069 958 3144 Helvios,
980 3070 1037 3152 qui
1059 3068 1144 3135 fines
1167 3070 1397 3139 Arvemorum
1485 3066 1486 3079 ¹

341 3174 549 3257 contingunt,
563 3174 737 3239 convenire
752 3174 854 3237 iubet.

386 3276 452 3342 His
467 3278 564 3343 rebus
579 3277 780 3362 comparatis
795 3296 942 3361 represso
954 3276 1021 3341 iam
1038 3276 1193 3343 Lucterio
1208 3287 1243 3342 et
1255 3288 1398 3355 remoto,
1412 3282 1432 3335 8

340 3384 431 3465 quod
460 3384 582 3447 intrare
611 3382 698 3445 intra
732 3378 899 3464 praesidia
929 3380 1152 3464 periculosum
1180 3383 1334 3464 putabat,
1366 3384 1398 3447 in
1485 3386 1486 3457 j

342 3486 480 3551 Helvios
494 3484 721 3570 proficiscitur.
768 3484 842 3550 Etsi
857 3504 952 3550 mons
970 3483 1136 3563 Cevenna,
1151 3485 1209 3567 qui
1224 3482 1423 3551 Arvernosa

343 3635 453 3709 'nnn
471 3633 655 3688 uiuorum.
675 3630 843 3694 Aboutagerr
929 3632 978 3707 ts
1003 3630 1101 3679 voror·
1118 3631 1310 3709 amonim..
1327 3630 1398 3707 'Tre
1485 3590 1486 3685 l

342 3696 419 3747 mtbe
426 3696 581 3761 department
587 3696 617 3745 ol
620 3694 842 3745 lot-et-Gcronne.
895 3692 990 3759 capital
1001 3694 1031 3743 oi
1038 3692 1081 3743 the
1090 3693 1185 3744 Volcae
1192 3694 1335 3772 Arecomici
1346 3711 1398 3745 was

375 3764 505 3812 Gsbslou
539 3762 569 3812 In
585 3761 629 3811 the
644 3761 800 3827 department
817 3758 848 3811 os
895 3760 1043 3820 Nemausus,
1060 3774 1118 3808 now
1137 3758 1227 3810 Nlmes
1249 3776 1275 3809 m
1294 3762 1336 3811 tbe
1354 3760 1397 3811 de·
1485 3750 1486 3773 ¹

341 3824 541 3943 Lolqeqebom
576 3908 683 3943 rem.
728 3892 778 3957 Cp.
801 3890 843 3953 61,
894 3824 1170 3942 pfflevtitldffdtbe
1192 3890 1349 3957 department
1371 3891 1401 3943 oi

344 3955 843 4089 {3⁵‹iriiffldva'ssefflffl'7’
893 3954 1016 4009 ansere
