2984 4992
130 562 177 611 58.
191 558 219 625 7]
367 560 421 609 DE
442 558 565 610 BELLO
591 560 758 611 GALLICO.
809 560 879 611 ΜΒ.
908 560 934 610 V
1120 564 1178 609 201

131 720 195 784 sub
221 722 338 786 castris
368 722 438 786 eius
471 724 663 806 vagabatur,
689 722 771 787 alias
801 733 838 787 ut
866 723 967 787 situm
997 732 1180 787 castrorum

131 836 358 907 cognosceret,
394 828 477 890 alias
516 827 726 911 colloquendi
764 837 822 891 aut
857 824 1029 891 territandi
1065 844 1181 900 causa3

132 928 261 1009 equites
280 928 474 1013 plerumque
494 951 609 995 omnes
629 930 697 995 tela
718 930 806 995 intra
823 929 948 994 vallum
964 928 1180 993 coniciebant.

101 1030 303 1107 4Labienus
325 1054 402 1103 suos
420 1034 506 1099 intra
528 1034 745 1099 munitionem
769 1034 961 1099 continebat
987 1033 1181 1115 timorisque

132 1135 334 1217 opinionem,
349 1138 611 1221 quibuscumque
625 1148 757 1222 poterat
772 1136 878 1215 rebus,
893 1137 1044 1220 augebat.

65 1262 115 1315 68
177 1238 262 1317 Cum
290 1242 413 1305 maiore
436 1242 469 1305 in
493 1243 564 1306 dies
589 1242 837 1325 contemptione
863 1240 1110 1304 Indutiomarus
1136 1241 1179 1303 ad

132 1352 238 1406 castra
252 1344 431 1423 accederet,
446 1354 544 1410 nocte
558 1365 624 1410 una
639 1346 837 1411 intromissis
851 1344 1017 1427 equitibus
1031 1344 1180 1407 omnium

131 1444 346 1511 finitimarum
362 1450 541 1524 civitatum,
556 1469 641 1532 qnos
661 1450 873 1515 arcessendos
891 1457 1070 1519 curaverat,
1086 1444 1185 1512 tanta

132 1542 310 1635 diligentia
319 1572 434 1617 omnes
450 1573 528 1618 suos
545 1553 705 1618 custodiis
723 1554 811 1617 intra
828 1560 936 1617 castra
956 1551 1128 1628 continuit,
1143 1561 1181 1617 ut

132 1654 223 1718 nulla
248 1656 377 1720 ratione
404 1678 444 1722 ea
462 1678 513 1721 res
536 1656 698 1721 enuntiari
720 1666 779 1720 aut
800 1656 844 1719 ad
859 1657 1022 1721 Treveros
1044 1654 1179 1737 perferri
1241 1680 1246 1689 ·

103 1791 116 1825 2
132 1768 255 1842 posset.
288 1760 423 1825 Interim
439 1781 484 1825 ex
499 1760 737 1827 consuetudine
753 1761 919 1825 cotidiana
935 1760 1181 1823 Indutiomarus

131 1864 176 1927 ad
201 1872 310 1928 castra
336 1865 461 1929 accedit
484 1873 585 1947 atque
610 1865 656 1929 ibi
679 1884 836 1947 magnam
859 1872 989 1947 partem
1013 1863 1077 1927 diei
1099 1882 1180 1927 con·

132 1966 255 2044 sumit3
279 1969 407 2050 equites
426 1970 493 2033 tela
512 1970 676 2035 coniciunt
694 1978 728 2033 et
749 1988 870 2051 magna
889 1987 965 2031 cum
981 1967 1182 2032 contumelia

101 2100 116 2148 3
132 2070 307 2135 verborum
323 2082 455 2137 nostros
469 2075 512 2137 ad
529 2092 675 2158 pugnam
693 2081 841 2136 evocant.
880 2070 985 2135 Nullo
1000 2072 1044 2135 ab
1060 2071 1182 2136 nostris

133 2174 213 2240 dato
236 2196 402 2260 responsu,
417 2176 474 2241 ubi
496 2178 604 2243 visum
627 2185 688 2258 est,
705 2176 769 2241 sub
790 2195 964 2257 vesperum
987 2175 1125 2258 dispersi
1140 2195 1180 2239 ac

101 2278 283 2362 4dissipati
317 2280 501 2345 discedunt.
547 2280 667 2346 Subito
705 2280 873 2344 Labienus
908 2278 1038 2343 duabus
1073 2279 1179 2360 portis
1191 2288 1276 2339 Deam
1287 2291 1316 2339 or

131 2400 264 2446 omnem
291 2383 476 2465 equitatum
502 2384 647 2463 emittit;
680 2384 841 2467 praecipit
869 2392 971 2465 atque
998 2382 1178 2461 interdicit,
1189 2355 1304 2471 Q?

130 2487 333 2567 ‘proterritis
349 2486 499 2552 hostibus
514 2497 616 2571 atque
631 2488 665 2551 in
680 2488 794 2571 fugam
809 2486 966 2551 coniectis
980 2482 1083 2570 (quod
1099 2484 1178 2565 sore,

130 2590 217 2654 sicut
241 2590 369 2668 accidit,
399 2589 547 2675 videbat)
573 2610 676 2655 unum
703 2611 820 2674 omnes
846 2599 997 2674 peterent
1029 2588 1178 2653 Indutio-

131 2712 269 2771 marum,
284 2714 348 2759 neu
362 2695 436 2778 quis
450 2714 551 2777 quem
566 2696 657 2778 prius
671 2693 831 2772 vulneret,
846 2712 947 2777 quam
964 2691 1056 2756 illum
1078 2693 1179 2757 inter-

129 2796 252 2861 iectum
272 2798 410 2878 viderit’
432 2801 522 2882 quod
543 2818 635 2864 mora
657 2798 856 2881 reliquorum
878 2797 1023 2878 spatium
1044 2807 1178 2861 nactum

99 2900 223 2972 sillum
247 2900 393 2985 effugere
420 2902 576 2981 nolebat;
604 2920 727 2985 magna
754 2902 911 2985 proponit
936 2900 986 2979 iis,
1009 2901 1067 2983 qui
1092 2902 1178 2965 occi-

130 3004 247 3085 derint,
269 3008 438 3089 praemia3
465 3006 632 3072 submittit
655 3005 809 3071 cohortes
831 3005 998 3088 equitibus
1020 3004 1177 3069 subsidio.

97 3108 339 3191 6Comprobat
369 3110 513 3174 hominis
543 3110 717 3177 consilium
747 3110 889 3190 fortuna,
913 3118 1048 3173 etcum
1074 3127 1178 3171 unum

128 3232 246 3277 omnes
260 3224 421 3297 peterent,
437 3216 471 3277 in
487 3216 560 3298 ipso
576 3214 718 3280 fluminis
733 3216 821 3279 vado
835 3212 1060 3298 deprehensus
1075 3211 1177 3275 Indu·

127 3316 288 3381 tiomarus
314 3317 519 3397 interficitur,
544 3328 710 3402 caputque
735 3318 806 3383 eius
828 3318 967 3381 refertur
991 3319 1025 3381 in
1048 3323 1177 3392 castra3

127 3420 302 3485 redeuntes
317 3422 454 3505 equites,
469 3442 553 3506 quos
570 3430 717 3506 possunt,
729 3431 961 3487 consectantur
973 3430 1076 3504 atque
1090 3420 1179 3483 occi·

96 3550 110 3604 7
126 3526 221 3589 dunt.
268 3524 344 3589 Hac
364 3527 553 3609 recognita
568 3546 684 3591 omnes
705 3526 901 3590 Eburonum
916 3535 950 3589 et
969 3524 1178 3597 Nerviorum,

125 3648 214 3712 quae
248 3640 479 3704 convenerant,
505 3631 620 3713 copiae
654 3631 837 3708 discedunt,
860 3628 1027 3713 pauloque
1060 3626 1178 3692 habuit

124 3741 205 3819 post
220 3734 254 3799 id
270 3732 396 3800 sactum
413 3732 535 3800 Caesar
550 3734 746 3819 quietiorem
765 3732 919 3799 Galliam.

159 3918 204 3963 58.
219 3918 232 3974 5
245 3931 269 3978 4.
285 3917 425 3973 praenipit
440 3919 524 3972 atque
536 3916 624 3963 inter·
676 3914 697 3963 is
718 3912 828 3979 perhaps
852 3929 884 3963 en
908 3912 1037 3964 antithesis
1060 3912 1177 3964 intended

123 3984 207 4031 dicit.
242 3985 346 4043 πως).
675 3979 733 4029 here
753 3980 864 4031 between
883 3978 1023 4029 ‘hominis'
1041 3978 1092 4030 end
1112 3978 1175 4030 ‘tor-

160 4043 213 4107 56.
246 4048 378 4097 hominis.
414 4048 508 4110 7‚§9.
542 4044 625 4096 There
674 4043 752 4097 tuns!
