2984 4992
123 538 168 586 8³.
182 532 209 599 ι]
353 532 407 584 DE
429 531 554 584 BELLO
580 534 749 587 GALLICO.
800 536 871 587 LIB.
902 538 955 589 VII
1118 546 1177 607 271

122 698 370 782 Nitiobrogum,
392 700 483 764 cuius
497 707 593 783 pater
615 698 659 763 ab
681 708 798 763 senatu
821 708 936 765 nostro
958 700 1084 765 amicus
1106 711 1177 765 erat

122 804 320 886 appellatus,
335 824 411 868 cum
428 824 551 888 magno
565 802 711 886 equitum
731 822 866 867 suorum
886 824 1025 867 numero
1044 812 1078 869 et
1092 824 1179 888 quos

123 926 170 969 ex
183 907 368 989 Aquitania
383 908 590 972 conduxerat
604 908 648 971 ad
663 926 739 971 eum
754 907 913 989 pervenit.

49 1023 109 1078 32
169 1008 293 1075 Caesar
307 1012 441 1077 Avarici
459 1011 645 1093 complures
663 1011 735 1075 dies
756 1020 979 1076 commoratus
994 1030 1175 1075 summam·
1188 1030 1281 1081 eaeor

122 1135 189 1197 que
212 1114 258 1178 ibi
281 1116 412 1198 copiam
435 1114 591 1180 frumenti
616 1123 650 1179 et
670 1114 785 1198 reliqui
809 1124 1013 1180 commeatus
1037 1088 1340 1211 nanctusfflffl

86 1246 105 1280 ι
122 1220 306 1284 exercitum
329 1241 373 1283 ex
397 1218 511 1284 labore
536 1228 639 1302 atque
663 1219 775 1302 inopia
801 1220 921 1284 reiecit.
968 1219 1041 1284 Iam
1068 1239 1175 1304 prope
1187 1241 1305 1341 poneres

122 1323 234 1388 hieme
262 1322 414 1387 conlecta
443 1343 520 1388 cum
546 1324 620 1405 ipso
643 1323 721 1387 anni
747 1331 898 1406 tempore
924 1323 967 1386 ad
993 1325 1174 1407 gerendum
1187 1291 1295 1408 saniir}

121 1426 248 1489 bellum
269 1436 444 1493 vocaretur
465 1436 500 1491 et
522 1428 566 1490 ad
593 1427 724 1492 hostem
752 1425 913 1511 proficisci
938 1426 1172 1503 constituisset,
1187 1437 1327 1488 oempnrgn.

121 1530 193 1593 sive
214 1550 289 1595 eum
313 1552 357 1595 ex
379 1529 555 1614 paludibus
580 1530 734 1613 silvisque
763 1530 879 1595 elicere
904 1530 973 1594 sive
999 1530 1174 1595 obsidione

122 1654 274 1716 premere
306 1646 430 1717 posset,
459 1635 559 1717 legati
593 1635 637 1699 ad
671 1654 747 1698 eum
784 1635 949 1718 principes
976 1632 1172 1699 Aeduorum
1187 1653 1293 1716 Dispure

123 1740 262 1803 veniunt
282 1749 423 1815 oratum,
439 1747 478 1802 ut
493 1739 657 1802 ‘maxime
678 1739 861 1803 necessario
879 1747 1031 1821 tempore
1049 1738 1174 1803 civitati
1186 1716 1333 1831 fflgrghe

85 1861 105 1909 3
123 1844 316 1909 subvemat
340 1862 471 1906 summo
490 1862 563 1907 esse
582 1843 614 1905 in
634 1842 780 1926 periculo
800 1862 881 1918 rem,
896 1843 995 1925 quod,
1010 1862 1086 1905 cum
1107 1842 1174 1906 sin·
1160 1847 1264 1897 -serred
1268 1854 1304 1960 rto

121 1945 194 2031 guli
217 1946 430 2031 magistratus
451 1946 632 2029 antiquitus
654 1946 756 2011 creari
780 1952 880 2030 atque
907 1945 1033 2028 regiam
1060 1914 1266 2028 potes-caesa

121 2059 229 2115 tatem
259 2070 382 2114 annum
413 2049 561 2114 obtinere
591 2060 815 2127 consuessent,
845 2050 913 2113 duo
944 2050 1173 2133 magistratum

120 2166 239 2237 gerant
257 2162 292 2218 et
311 2174 347 2218 se
365 2163 503 2236 uterque
522 2174 636 2217 eorum
658 2153 787 2237 legibus
810 2162 957 2219 creatum
981 2172 1053 2217 esse
1076 2152 1173 2217 dicat

83 2278 106 2325 4
123 2259 256 2323 Horum
272 2278 345 2323 esse
358 2257 499 2321 alterum
515 2256 824 2335 Conuictolitauem,
839 2256 1012 2321 florentem
1034 2266 1068 2320 et
1085 2256 1174 2320 illus·

120 2371 207 2425 trem
227 2361 483 2437 adulescentem,
497 2360 637 2425 alterum
656 2360 789 2439 Cotum,
804 2359 1031 2444 antiquissima
1050 2360 1173 2427 familia

120 2476 239 2530 natum
268 2475 368 2548 atque
403 2465 512 2549 ipsum
548 2465 716 2529 hominem
750 2485 900 2529 summae
935 2465 1105 2547 potentiae
1139 2476 1173 2529 et

121 2590 262 2653 magnae
295 2569 507 2652 cognationis,
536 2569 630 2631 cuius
664 2568 763 2633 irater
790 2566 981 2633 Valetiacus
1017 2568 1172 2651 proximo

85 2694 211 2743 5anno
245 2673 387 2736 eundem
421 2671 651 2755 magistratum
686 2672 833 2755 gesserit.
888 2669 1067 2735 Civitatem
1099 2691 1172 2735 esse

119 2796 255 2841 omnem
278 2776 312 2840 in
335 2776 456 2851 armis3
481 2774 620 2838 divisum
648 2783 812 2855 senatum,
834 2774 977 2839 divisum
1000 2774 1172 2859 populum,

118 2901 199 2945 suas
213 2881 371 2962 cuiusque
392 2899 505 2943 eorum
525 2878 703 2944 clientelas.
750 2877 853 2961 Quod
872 2880 900 2941 si
920 2879 1045 2943 diutius
1064 2878 1172 2945 alatur

118 2983 355 3064 controversia,
369 2981 449 3057 iore,
465 2981 514 3046 uti
531 3002 609 3064 pars
629 3001 705 3046 cum
728 2990 823 3065 parte
842 2981 984 3047 civitatis
1004 2982 1171 3067 confligat.

120 3087 163 3153 Id
175 3108 218 3151 ne
228 3086 368 3165 accidat,
376 3085 524 3169 positum
536 3086 569 3149 in
580 3085 650 3148 eius
662 3086 834 3169 diligentia
844 3095 945 3168 atque
954 3086 1170 3151 auctoritate!

54 3209 102 3263 33
166 3191 298 3267 Caesar,
320 3190 383 3255 etsi
404 3211 426 3254 a
445 3188 534 3253 bello
557 3198 659 3272 atque
679 3189 777 3255 hoste
798 3190 966 3255 discedere
989 3190 1169 3254 detrimen·
1185 3208 1226 3257 He
1238 3209 1329 3274 repam

117 3307 230 3361 tosum
249 3315 323 3359 esse
342 3293 566 3371 existimabat,
580 3302 693 3357 tamen
713 3314 779 3357 non
800 3294 963 3378 ignorans,
978 3303 1103 3376 quanta
1125 3314 1170 3357 ex
1182 3281 1210 3389 {g
1221 3275 1328 3390 Εξξὶῗζζ

116 3398 376 3464 dissensionibus
397 3398 609 3461 incommoda
629 3396 706 3460 oriri
725 3406 946 3473 consuessent,
963 3418 1004 3460 ne
1027 3406 1121 3462 tanta
1136 3406 1170 3461 et

116 3514 189 3568 tam
205 3503 379 3568 coniuncta
394 3499 519 3584 populo
531 3500 687 3564 Romano
705 3501 827 3577 civitas,
837 3519 937 3584 quam
954 3502 1026 3582 ipse
1040 3520 1172 3583 semper

115 3606 254 3672 aluisset
271 3605 489 3687 omnibusque
508 3604 604 3668 rebus
627 3612 785 3681 ornasset,
800 3604 843 3667 ad
866 3604 933 3667 vim
955 3613 1057 3686 atque
1078 3624 1170 3669 arma

115 3709 334 3776 descenderet
336 3718 456 3791 ‚atque
467 3728 508 3771 ea
521 3728 607 3791 pars,
619 3727 704 3791 quae
720 3708 829 3771 minus
842 3706 1035 3785 confideret,
1045 3709 1170 3774 auxilia

151 3894 202 3952 55.
219 3890 336 3939 mione
372 3887 500 3951 i.‘3,l4
507 3882 619 3937 emieus'
701 3886 894 3947 timendum,
908 3882 1169 3939 heverecourseto?

113 3958 258 4073 ὴέἓημ
275 3955 517 4005 &montom
552 3950 620 4016 Only
669 3950 866 4017 Cp..‚v²9l5·
