2984 4992
120 568 163 616 ιι.
176 563 203 629 ι]
349 564 402 615 ns
425 564 546 616 nauco
572 563 738 617 cazuco.
791 564 863 617 ara.
888 566 932 617 ιν
1116 574 1172 636 137

120 726 343 808 cipitaverunt
372 737 474 810 atque
503 726 548 792 ibi
578 726 706 802 timore,
736 727 942 806 lassitudine,
965 728 999 792 vi
1028 726 1173 793 fluminis

87 832 267 914 3oppressi
292 831 468 915 perierunt.
514 831 630 896 Nostri
656 833 699 897 ad
722 851 825 896 unum
848 851 965 896 omnes
987 832 1172 898 incolumes

118 935 294 1018 perpaucis
314 934 492 1000 vulneratis
509 956 554 1000 ex
574 935 659 1001 tanti
681 934 758 1000 belli
777 936 908 1014 timore,
925 954 1001 999 cum
1021 936 1172 1002 hostium

119 1057 276 1102 numerus
299 1039 446 1122 capitum
467 1052 639 1105 ccccxxx
658 1039 786 1104 milium
807 1038 935 1118 fuisset,
949 1059 986 1102 se
1008 1039 1043 1102 in
1065 1051 1172 1106 castra

86 1151 325 1224 4receperunt.
371 1141 495 1207 Caesar
517 1143 567 1221 iis,
590 1161 674 1225 quos
697 1142 730 1207 in
755 1144 871 1207 castris
895 1143 1083 1220 retinuerat,
1107 1145 1172 1208 dis·

86 1245 259 1324 5cedendi
292 1254 493 1329 potestatem
528 1243 615 1312 fecit.
663 1247 716 1310 Illi
744 1246 908 1331 supplicia
940 1247 1170 1330 cruciatusque

119 1347 292 1413 Gallorum
322 1350 427 1426 veriti,
457 1370 599 1432 quorum
632 1371 729 1436 agros
759 1359 973 1429 vexaverant,
1002 1361 1172 1416 remanere

118 1472 158 1518 se
183 1453 273 1536 apud
303 1473 380 1518 eum
411 1454 496 1519 velle
525 1455 692 1520 dixerunt.
740 1453 806 1518 His
830 1452 953 1520 Caesar
981 1453 1169 1520 libertatem

117 1556 291 1621 concessit.

62 1675 104 1730 ιο
166 1658 363 1726 Germanico
393 1662 481 1727 bello
513 1663 667 1729 confecto
697 1662 811 1726 multis
840 1663 884 1726 de
912 1661 1018 1726 causis
1048 1660 1172 1727 Caesar
1183 1679 1305 1736 rmus

117 1765 238 1828 statuit
267 1765 329 1828 sibi
363 1765 519 1830 Rhenum
549 1788 621 1832 esse
650 1765 909 1850 transeundum3
942 1785 1083 1864 quarum
1113 1766 1171 1831 illa
1183 1743 1287 1859 (ἐξὲξ

116 1865 181 1931 fuit
202 1863 390 1949 iustissima,
408 1873 510 1958 quod,
529 1891 604 1935 cum
626 1850 766 1936 videret
777 1869 960 1936 Germanos
982 1880 1053 1960 tam
1075 1869 1170 1936 facile
1213 1879 1263 1924 18
1264 1878 1307 1924 1⁹·

116 1970 254 2057 impelli,
277 1983 314 2036 ut
337 1975 370 2037 in
395 1962 540 2040 Galliam
563 1974 722 2054 venirent,
744 1974 812 2075 suis
833 1993 967 2057 quoque
991 1942 1089 2040 rebus
1112 1995 1170 2040 eos
1182 1961 1295 2079 m:

116 2075 237 2140 timere
246 2077 360 2156 voluit,
371 2098 447 2143 cum
463 2066 691 2180 intellegerent
706 2089 740 2144 et
756 2099 852 2162 posse
867 2087 902 2142 et
916 2068 1039 2144 audere
1053 2079 1168 2163 populi
1182 2094 1238 2145 tor
1231 2103 1258 2186 ιι

85 2178 264 2244 :Romani
293 2183 476 2246 exercitum
501 2171 658 2247 Rhenum
682 2184 832 2247 transire.
877 2182 1031 2247 Accessit
1057 2184 1171 2263 etiam,

118 2285 210 2365 quod
243 2284 299 2349 illa
332 2307 409 2371 pars
443 2275 610 2369 equitatus
642 2286 821 2370 Usipetum
855 2297 889 2351 et
920 2286 1170 2375 Tencterorum,

116 2407 221 2470 quam
251 2409 349 2472 supra
378 2392 636 2456 commemoravi
668 2391 851 2475 praedandi
882 2368 1170 2473 frumentandique

116 2511 219 2559 causa
246 2493 378 2557 Mosam
403 2495 556 2559 transisse
582 2515 690 2578 neque
719 2491 847 2578 proelio
876 2494 1070 2585 interfuisse,
1093 2503 1170 2576 post

115 2597 232 2680 fugam
253 2618 386 2662 suorum
407 2619 444 2663 se
466 2609 557 2664 trans
574 2599 763 2664 Rhenum
753 2620 787 2663 ιιι
807 2598 890 2664 fines
905 2597 1168 2683 Sugambrorum

84 2711 289 2786 3receperat
318 2722 419 2785 seque
448 2711 525 2769 c'um
554 2704 593 2768 iis
619 2705 847 2769 coniunxerat.
891 2701 950 2766 Ad
979 2722 1064 2784 quos
1093 2723 1168 2766 cum

119 2805 243 2872 Caesar
267 2809 400 2872 nuntios
422 2807 580 2886 misisset,
601 2808 658 2890 qui
682 2778 1002 2890 postularentffeos,
1025 2807 1082 2888 qui
1105 2808 1169 2871 sibi

117 2909 315 2994 Galliaeque
347 2911 473 2976 bellum
505 2911 702 2991 intulissent,
731 2911 793 2976 sibi
827 2899 1027 2991 dederenr‘*
1036 2931 1168 2994 respon-

83 3046 100 3093 4
115 3017 257 3080 derunt:
280 3017 414 3100 ‘populi
427 3016 573 3082 Romani
589 3017 765 3102 imperium
781 3015 937 3091 Rhenum
953 3015 1067 3092 finire3
1088 3015 1116 3078 si
1132 3031 1194 3119 seq

115 3121 224 3184 invito
241 3119 425 3185 Germanos
441 3121 474 3184 in
491 3119 635 3216 Galliam
651 3121 790 3185 transire
806 3119 873 3184 nori
893 3139 1036 3203 aequum
1052 3120 1168 3183 existi·

116 3235 234 3300 maret,
250 3227 372 3290 cursui
388 3207 565 3316 quicquam
582 3244 653 3289 esse
647 3224 797 3316 imperii
814 3234 874 3289 aut
888 3223 1063 3308 potestatis
1076 3233 1168 3286 trans

84 3329 274 3392 5Rhenum
299 3327 524 3432 postulareti'
565 3329 645 3394 Ubii
670 3338 792 3406 autem,
814 3329 873 3411 qui
897 3327 955 3391 uni
979 3348 1023 3392 ex
1047 3325 1168 3390 Trans-

115 3435 269 3498 rhenanis
310 3434 353 3498 ad
393 3433 567 3498 Caesarem
608 3433 737 3516 legatos
778 3432 946 3509 miserant,
985 3429 1167 3494 amicitiam

113 3539 269 3616 fecerant,
292 3537 425 3602 obsides
449 3537 618 3618 dederant,
639 3556 841 3621 magnopere
863 3537 1013 3612 orabant,
1032 3544 1068 3597 ut
1086 3533 1167 3598 ‘sibi

114 3640 276 3706 auxilium
299 3641 408 3720 ferret,
431 3643 521 3723 quod
544 3641 688 3724 graviter
710 3641 764 3716 ab,
777 3638 898 3704 Suebis
921 3648 1167 3721 premerentur;

83 3745 178 3824 tvel,
194 3745 221 3809 si
238 3747 270 3809 id
287 3745 394 3810 facere
408 3745 679 3828 occupationibus
694 3745 741 3808 rei
757 3727 910 3828 publicae
930 3741 1168 3826 prohiberetur,

113 3849 302 3914 exercitum
339 3849 442 3914 modo
473 3849 629 3913 Rhenum
667 3834 920 3932 transportaret:
959 3847 993 3910 id
1029 3846 1091 3911 sibi
1125 3848 1168 3911 ad

125 4061 168 4106 16.
186 4057 200 4114 ἱ
215 4069 236 4104 a.
256 4058 485 4114 Bussmbrorum.
512 4053 553 4105 On
564 4053 607 4104 the
618 4053 700 4105 Rbine
711 4053 822 4104 between
832 4053 876 4104 tbe
885 4051 945 4119 Sieg
955 4052 1004 4103 and
1016 4054 1058 4104 tbe
1069 4051 1157 4118 Llppe.
