2984 4992
119 561 166 608 ss.
181 556 206 623 1]
357 556 410 607 ou
433 556 556 608 nocuo
583 555 752 610 oniaco,
802 415 935 622 masis
1114 564 1172 627 197

119 729 405 801 contempserunt,
425 729 462 784 ut
488 719 667 785 obstructis
689 720 723 784 in
746 720 892 802 speciem
914 719 1021 803 portis
1034 718 1173 805 singulis

120 823 297 887 ordinibus
322 824 517 907 caespitum,
538 824 628 905 quod
653 828 700 889 ed
716 810 903 907 non-posse
929 823 1173 907 introrumpere

119 926 329 1008 videbuntur,
350 926 407 991 alii
428 927 553 991 vallum
577 946 677 992 manu
699 928 861 1008 scindere,
876 927 931 991 alii
954 926 1060 993 fossas
1081 948 1172 994 com·

89 1056 105 1106 5
122 1029 215 1112 plere
230 1031 420 1114 inciperent
458 1032 546 1096 Tum
562 1031 684 1097 Caesar
698 1031 855 1096 omnibus
870 1030 977 1113 portis
997 1032 1173 1114 eruptione

120 1134 212 1199 facta
230 1136 448 1218 equitatuque
470 1136 591 1201 emisso
608 1135 760 1200 celeriter
780 1136 893 1201 hostes
913 1136 947 1198 in
965 1133 1080 1220 fugam
1103 1135 1171 1218 dat,

120 1239 232 1303 sicuti
246 1240 382 1303 omnino
399 1240 567 1323 pugnandi
583 1258 683 1304 causa
696 1240 864 1305 resisteret
877 1258 986 1321 nemo,
998 1259 1172 1323 magnum·

1184 1038 1256 1105 Tbey
1266 1054 1308 1088 ere

1184 1105 1271 1155 routed
1279 1102 1339 1153 with

1183 1179 1253 1233 greti

1183 1235 1318 1303 uleugbter.
1361 1299 1376 1316 q

147 1362 189 1406 ue
204 1362 249 1405 ex
264 1344 311 1407 eis
326 1362 499 1407 numerum
515 1342 637 1423 occidit
653 1353 756 1425 atque
770 1362 888 1407 omnes
902 1344 1004 1409 armis
1020 1343 1198 1437 estu-its
1215 1326 1279 1414 23³·
1325 1325 1371 1349 ”’”

23 1394 125 1589 Θ
166 1446 318 1529 Longius
347 1448 502 1529 prosequi
539 1440 672 1528 verit'us,
702 1449 793 1529 quod
830 1447 933 1512 silvae
969 1446 1172 1530 paludesque

121 1551 374 1617 intercedebant
396 1570 504 1634 neque
529 1552 632 1616 etiam
655 1549 792 1633 parvulo
814 1551 1016 1616 detrimento
1039 1551 1172 1616 illorum

122 1654 234 1720 locum
250 1654 390 1737 relinqui
405 1653 551 1730 videbat,
566 1656 721 1719 omnibus
736 1656 805 1720 suis
829 1655 1050 1720 incolumibus
1066 1656 1172 1739 copiis

94 1759 243 1823 aeodem
268 1759 324 1823 die
349 1759 392 1824 ad
418 1757 613 1824 Ciceronem
639 1760 798 1841 pervenit
853 1759 1028 1825 Institutas
1056 1771 1173 1839 turres,

122 1862 307 1928 testudines
334 1863 600 1945 munitionesque
628 1861 775 1928 hostium
804 1864 1009 1942 admiratur;
1043 1864 1174 1947 legione

123 1966 286 2051 producta
300 1967 471 2049 cognoscit
486 1986 552 2031 nou
568 1967 734 2033 decimum
745 1984 913 2050 quemque
923 1987 995 2032 esse
1009 1967 1172 2050 reliquum

93 2068 266 2143 smilitem
296 2070 367 2135 sine
396 2069 547 2134 vulnere:
583 2090 627 2134 ex
654 2069 705 2135 his
729 2071 885 2135 omnibus
915 2072 1040 2137 iudicat
1064 2071 1173 2154 rebus,

123 2182 250 2255 quanto
280 2193 356 2238 cum
388 2172 533 2256 periculo
566 2182 599 2237 et
629 2184 755 2256 quanta
780 2194 855 2239 cum
878 2175 1003 2241 virtute
1031 2196 1083 2241 res
1106 2178 1174 2241 sint

93 2278 384 2359 4administratae.
429 2276 624 2343 Ciceronem
641 2298 702 2360 pro
717 2279 789 2343 eius
808 2280 927 2343 merito
942 2278 1174 2362 legionemque

123 2381 312 2458 collaudat3
334 2383 541 2448 centuriones
565 2382 762 2467 singillatim
788 2384 1004 2467 tribunosque
1027 2385 1173 2449 militum

123 2484 282 2568 appellat,
308 2504 449 2568 quorum
474 2486 643 2569 egregiam
672 2486 772 2551 fuisse
797 2488 955 2553 virtutem
980 2487 1174 2553 testimonio

1185 1460 1276 1509 Cesset
1288 1461 1313 1508 in

1184 1525 1227 1575 the
1238 1540 1312 1589 camp

1185 1590 1214 1640 oi
1222 1590 1318 1641 Cicero.

125 2588 292 2655 Ciceronis
311 2598 522 2673 cognoverat.
569 2590 623 2653 De
638 2610 716 2655 casu
733 2588 851 2689 Sabini
866 2600 900 2654 et
918 2588 1038 2655 Cottae
1052 2592 1174 2691 ceptius
1225 2635 1260 2679 μ
1280 2582 1285 2612 ''

95 2714 168 2769 nex
183 2695 322 2777 captivis
337 2694 518 2776 cognoscit.
565 2694 703 2759 Postero
723 2687 1088 2786 diosscqutionmhabim
1103 2714 1173 2760 rem
1266 2739 1270 2748 -
1329 2699 1333 2707 '

93 2809 252 2883 egestam
267 2788 443 2881 propo‘ntfi
451 2796 574 2863 milites
590 2798 779 2863 consolatu?
796 2808 830 2862 et
845 2797 1041 2863 confirmat:
1065 2787 1174 2882 ‘quod

121 2903 359 2967 detrimentum
374 2900 473 2983 culpa
488 2910 522 2965 et
537 2902 727 2966 temeritate
738 2902 841 2985 legati
856 2902 901 2967 sit
911 2913 1096 2985 acceptum,
1108 2902 1172 2968 hoc

122 3007 277 3089 aequiore
292 3007 405 3070 animo
415 3002 603 3069 ferundum'
620 3006 729 3085 docet,
745 3006 851 3089 ‘quod
863 3005 1026 3071 beneficio
1035 3008 1173 3072 deorum

123 3110 362 3175 immortalium
379 3120 412 3174 et
426 3111 549 3175 virtute
565 3100 831 3223 eorumffixpiato
842 3106 1060 3205 incommodi)
1069 3129 1174 3192 neque

122 3214 276 3279 hostibus
290 3215 419 3279 diutina
439 3213 576 3279 laetatio
593 3232 699 3296 neque
721 3215 803 3297 ipsis
817 3214 949 3298 longior
966 3214 1061 3279 dolor
1076 3213 1172 3279 relin-

122 3316 261 3401 quatur?

62 3440 104 3495 sa
168 3424 304 3487 Interim
315 3420 359 3486 ad
376 3421 564 3486 Labienum
579 3441 638 3504 per
656 3421 784 3487 Remos
802 3421 988 3486 incredibili
1005 3420 1173 3486 celeritate

154 3563 196 3609 51,
218 3562 274 3621 54.
295 3573 334 3609 οι
371 3557 438 3621 Only
456 3557 513 3608 bere
535 3557 561 3607 in
581 3557 622 3608 the
673 3560 782 3607 telium.
817 3556 864 3622 Cp.
882 3558 899 3606 i.
916 3556 1174 3617 rn‚§6‘dvecou·

122 3625 206 3677 Gallie
220 3624 350 3685 War,but
366 3639 405 3674 we
420 3624 484 3674 beve
500 3626 547 3673 ‘eu
564 3660 571 3674 .
590 3661 621 3674 ..
672 3624 730 3673 silio
740 3622 860 3673 demum!

121 3689 183 3757 quu'
194 3692 220 3741 iu
232 3690 262 3741 C.
274 3690 291 3739 i.
303 3688 343 3753 64,
358 3694 371 3749 ᾖ
384 3702 407 3752 3.
705 3692 773 3747 5805
786 3702 807 3737 ι.
819 3692 991 3747 perBemou.
1007 3688 1175 3740 Ashbieuus

154 3759 261 3817 datu.
278 3758 478 3815 aequaeuam,
489 3754 634 3814 defend*
673 3756 762 3803 wesin
774 3754 817 3802 the
830 3761 932 3818 country
942 3752 1175 3805 ostheRemlend

122 3821 152 3873 be
163 3822 207 3871 did
222 3827 266 3871 not
282 3836 323 3871 see
338 3820 393 3871 thnt
409 3821 477 3871 there
488 3835 623 3871 wesroom
674 3836 706 3869 on
723 3819 884 3870 tbeiuruide
901 3820 930 3869 of
943 3820 965 3869 it
983 3822 1034 3884 (see
1051 3825 1117 3884 ης
1137 3821 1173 3885 r),

121 3886 165 3939 lest
186 3902 247 3938 even
269 3886 309 3936 ior
330 3902 346 3945 e
371 3886 445 3937 small
470 3894 572 3937 amount
596 3886 627 3937 of
672 3886 723 3935 this
743 3885 868 3951 probably
884 3898 970 3935 meam
989 3886 1112 3952 ‘through
1131 3886 1175 3937 tbe

122 3954 228 4019 damage
258 3959 286 4001 to
316 3950 401 4003 them!
445 3950 493 4017 Cp.
519 3952 552 4003 vi.
580 3966 622 4014 42,
673 3959 777 4016 country
792 3950 822 4001 oi
834 3950 876 4001 tbe
892 3949 1039 4012 Remi‚’but
1056 3952 1078 4002 it
1093 3952 1174 4017 might

123 4023 171 4079 51.
673 4032 746 4068 mmo
772 4017 822 4082 ‘by
848 4016 892 4067 tbe
918 4014 1008 4079 Remi:
1036 4017 1088 4070 like
1114 4022 1175 4083 ‘per

155 4082 205 4144 46.
223 4086 361 4135 beneflcio
376 4086 494 4134 deorum
507 4084 621 4134 immun
673 4082 835 4135 mercutmes’
846 4082 873 4133 in
883 4082 916 4134 iv.
930 4087 994 4146 πή
1009 4096 1032 4148 5.
