2984 4992
315 537 374 583 110
659 531 689 586 C.
715 533 813 585 lum
835 531 1023 586 CAESARIS
1264 533 1320 600 [1⁴.
1334 545 1371 599 7-

311 695 394 761 velis
416 695 696 777 armamentisque
717 695 919 775 consisteret,
936 694 989 760 his
1008 695 1133 780 ereptis
1154 695 1264 761 omnis
1286 716 1369 761 usus
1489 778 1490 781 Ἴ

314 800 449 865 navium
472 819 539 863 uno
560 809 711 883 tempore
729 799 918 883 eriperetur.
964 798 1145 883 Reliquum
1165 810 1238 866 erat
1259 809 1400 865 certa-8

315 926 391 970 men
406 905 553 988 positum
569 905 603 968 in
617 905 748 978 virtute,
765 923 833 985 qua
846 904 951 968 nostri
973 903 1095 970 milites
1114 903 1211 968 facile
1227 924 1368 987 supera-
1489 904 1490 921 ¹

313 1011 407 1081 bant,
422 1018 525 1091 atque
541 1029 581 1074 eo
605 1009 721 1091 magis,
736 1008 826 1090 quod
843 1008 877 1073 in
897 1017 1075 1092 conspectu
1094 1008 1245 1074 Caesaris
1263 1018 1370 1090 atque

314 1110 424 1175 omnis
446 1111 613 1175 exercitus
636 1128 687 1172 res
709 1107 895 1192 gerebatur,
912 1118 950 1174 ut
971 1107 1100 1174 nullum
1123 1108 1227 1192 paulo
1248 1107 1370 1172 fortius

315 1213 441 1279 sactum
463 1212 568 1278 latere
585 1220 699 1296 posset
715 1233 724 1291 ;
745 1232 864 1278 omnes
885 1213 974 1278 enim
994 1212 1154 1279 colleoae
1174 1212 1249 1278 loca
1267 1232 1369 1297 supe-

317 1319 415 1394 riora,
445 1318 535 1381 unde
562 1326 635 1382 erat
670 1315 879 1400 propinquus
909 1318 1084 1402 despectus
1120 1316 1154 1381 in
1192 1337 1294 1395 mare,
1322 1318 1371 1382 ab

316 1421 465 1486 exercitu
487 1421 696 1486 tenebantur.
1489 1502 1490 1519 ἵ

361 1525 526 1602 Disiectis,
549 1533 586 1589 ut
615 1525 773 1600 diximus,
795 1524 968 1604 antemnis,
989 1545 1065 1592 cum
1095 1524 1243 1608 singulas
1268 1525 1371 1590 binae
1384 1538 1424 1592 15

317 1650 358 1696 ac
393 1638 507 1694 ternae
543 1649 643 1694 naves
678 1629 973 1705 circumsteterant,
1010 1630 1132 1695 milites
1168 1650 1300 1695 summa
1335 1631 1371 1694 vi

318 1734 553 1798 transcendere
582 1733 616 1796 in
644 1731 793 1798 hostium
823 1751 925 1798 naves
954 1734 1211 1799 contendebant.
1268 1733 1401 1818 Quodz

318 1846 497 1920 postquam
513 1835 640 1901 barbari
654 1835 722 1900 fieri
737 1837 1050 1915 animadverterunt,
1062 1837 1265 1920 expugnatis
1280 1857 1374 1902 com·

319 1939 469 2025 pluribus
484 1940 633 2018 navibus,
644 1958 719 2004 cum
736 1941 767 2004 ei
782 1941 828 2005 rei
842 1938 970 2006 nullum
986 1942 1182 2026 reperiretur
1196 1941 1373 2020 auxilium,

321 2043 401 2128 suga
414 2044 555 2109 salutem
575 2055 688 2128 petere
703 2045 953 2110 contenderunt.
996 2043 1051 2110 Ac
1066 2046 1134 2110 iam
1155 2047 1324 2111 conversis
1339 2047 1376 2110 in
1389 2067 1403 2116 ι

323 2169 398 2214 earn
425 2159 555 2233 partem
577 2148 724 2224 navibus,
749 2168 818 2230 quo
839 2158 958 2214 ventus
980 2147 1118 2228 ferebat,
1139 2158 1236 2216 tanta
1257 2151 1374 2215 subito

323 2252 463 2318 malacia
485 2272 524 2317 ac
545 2251 767 2334 tranquillitas
788 2253 932 2330 exstitit,
945 2262 983 2316 ut
1000 2273 1036 2318 se
1057 2273 1103 2317 ex
1125 2253 1200 2319 loeo
1222 2273 1374 2319 commo·
1489 2246 1490 2333 ζ

321 2377 399 2422 vere
417 2377 484 2421 non
505 2364 651 2439 possent.
695 2355 793 2440 Quae
810 2357 946 2438 quidem
966 2375 1019 2422 res
1037 2357 1081 2423 ad
1101 2359 1273 2441 negotium
1293 2377 1406 2426 con-4

323 2461 500 2526 finiendum
517 2459 664 2525 maxime
681 2457 745 2524 fuit
764 2470 976 2544 opportuna:
997 2480 1076 2525 nam
1098 2460 1246 2545 singulas
1268 2463 1404 2529 nostris

324 2565 506 2631 consectati
534 2575 815 2649 expugnaverunt,
841 2575 879 2630 ut
902 2584 1089 2649 perpaucae
1117 2585 1162 2629 ex
1192 2567 1286 2630 omni
1315 2587 1375 2631 nu·

325 2689 416 2734 mero
441 2668 549 2733 noctis
572 2671 758 2733 interventu
779 2669 823 2734 ad
844 2677 966 2734 terram
992 2669 1208 2753 pervenerint,
1230 2691 1308 2734 cum
1331 2672 1377 2735 ab

324 2773 406 2838 hora
422 2769 490 2837 sere
504 2781 623 2854 quarta
638 2791 742 2854 usque
757 2773 800 2836 ad
816 2771 895 2837 solis
909 2791 1063 2838 occasum
1078 2785 1289 2857 pugnaretur.

156 2887 288 2942 Surrender
371 2875 449 2958 Quo
471 2873 599 2958 proelio
618 2874 743 2940 bellum
763 2875 969 2941 Venetorum
989 2877 1161 2959 totiusque
1179 2899 1257 2943 orae
1277 2877 1376 2943 mari·
1361 2887 1426 2939 ·1d

157 2959 300 3073 ἓξὲξ
326 2979 429 3045 timae
444 2978 631 3044 consectum
647 2989 708 3043 est.
753 2980 844 3044 Nam
867 3000 943 3046 cum
958 2981 1067 3045 omnis
1082 2981 1245 3060 iuventus,
1261 3003 1399 3048 omnesa

158 3087 238 3138 oruc
329 3085 430 3150 etiam
454 3082 614 3166 gravioris
640 3083 768 3162 aetatis,
794 3083 828 3148 in
858 3084 979 3167 quibus
1002 3083 1129 3166 aliquid
1162 3085 1288 3151 consilii
1317 3099 1375 3151 aut

157 3153 253 3204 vm
328 3187 498 3271 dignitatis
513 3185 585 3261 suit,
601 3208 644 3252 eo
658 3199 888 3264 convenerant,
904 3197 976 3252 turn
997 3191 1131 3253 navium
1146 3191 1238 3272 quod
1252 3191 1376 3274 ubique
1489 3202 1490 3279 j

327 3291 434 3357 iuerat
450 3292 483 3355 in
499 3310 600 3356 unum
618 3291 728 3356 locum
749 3297 926 3376 coegerant
940 3316 949 3369 3
975 3291 1095 3374 quibus
1110 3293 1241 3358 amissis
1260 3295 1404 3377 reliquis
1489 3284 1490 3349 i

326 3417 435 3480 neque
457 3415 526 3479 quo
544 3417 581 3460 se
603 3395 795 3480 reciperent,
817 3415 926 3479 neque
948 3398 1232 3477 quemadmodum
1252 3400 1379 3484 oppida
1489 3462 1490 3465 ,

362 3581 408 3640 58.
420 3581 514 3630 eolles
534 3575 818 3642 Napoleon111(voi.”
800 3591 827 3626 ιι.
913 3580 967 3638 54.
986 3578 1163 3627 maxime..
1183 3585 1378 3654 epponem
1489 3608 1490 3633 r

327 3639 827 3760 ιιι
878 3641 1019 3772 ι...
955 3641 1126 3757 ιιι
1139 3642 1381 3760 smmi
1489 3636 1490 3689 .

328 3719 403 3824 meib.
406 3725 456 3837 bna.
465 3709 609 3838 ningen
598 3771 725 3838 (μαλακία)
714 3768 828 3837 )‘.ctlm’
878 3723 1019 3837 mainiyb
1047 3771 1173 3850 euphony.
1207 3773 1257 3823 C.
1280 3774 1376 3835 vem

328 3839 392 3890 Thu
403 3854 509 3904 appears
520 3839 643 3890 toberhe
653 3839 827 3904 onlypessnge
879 3840 946 3897 ιι·
938 3789 1069 3889 ‘exuebins
1085 3839 1215 3904 magisque
1230 3776 1376 3891 bacis&

328 3905 431 3956 either'
423 3919 449 3956 ru
465 3921 481 3955 a
498 3905 580 3956 Greek
600 3921 629 3955 or
645 3904 719 3954 latin
737 3905 828 3955 author
877 3904 921 3953 vti.
944 3916 984 3967 ιι,
1010 3909 1023 3963 ς
1052 3909 1099 3951 a‘
1109 3905 1218 3955 maxime
1241 3907 1377 3956 necessario

329 3969 827 4021 inwhichthewordisnredinthis
877 3967 1015 4048 ternpore’:
1009 3969 1139 4056 ¹'Aba
1158 3971 1377 4036 §1‘resmngis

329 4049 404 4088 sense
