2984 4992
127 561 209 629 us]
370 563 423 616 os
445 562 941 616 maturrimum
1123 553 1181 631 169

129 725 165 788 in
186 723 440 809 expeditionem
464 723 566 814 misit,
588 733 626 789 ut
648 743 715 797 eos,
737 724 796 808 qui
820 724 981 807 fugerant,
1005 717 1180 809 perseque-

99 839 251 895 nreutur.
307 828 373 893 His
396 819 609 911 aliquantum
636 827 764 892 itineris
794 829 984 912 progressis,
1009 848 1084 894 cum
1112 830 1179 894 iarn

129 933 272 997 extremi
294 941 405 998 essent
426 932 461 996 in
479 942 666 1015 prospectu,
679 933 809 1014 equites
828 952 850 997 a
868 931 995 1015 Quinto
1017 932 1119 997 Atrio
1135 935 1179 999 ad

130 1035 307 1102 Caesarem
342 1045 519 1115 venerunt,
548 1037 606 1119 qui
643 1021 845 1115 nuntiarent,
876 1037 1046 1119 superiore
1083 1049 1180 1102 nocte

130 1141 281 1205 maxima
302 1149 418 1205 coorta
439 1149 641 1224 tempestate
660 1160 766 1224 prope
783 1160 900 1205 omnes
917 1161 1019 1205 naves
1039 1139 1180 1206 afflictas

128 1254 231 1326 atque
247 1244 281 1308 in
295 1243 394 1309 litore
407 1245 531 1310 eiectas
545 1245 726 1327 essequod
740 1263 849 1326 neque
863 1263 1005 1310 ancorae
1021 1242 1180 1327 funesque

128 1348 354 1425 subsisterent,
369 1367 479 1430 neque
493 1358 616 1413 nautae
632 1350 938 1432 gubernatoresque
952 1349 1021 1434 virn
1037 1357 1180 1432 tempes-

100 1452 210 1530 3tatis
247 1452 318 1535 pati
354 1463 514 1535 possent;
552 1453 666 1535 itaque
694 1473 739 1516 ex
776 1472 817 1517 eo
846 1471 1007 1543 concursu
1035 1453 1179 1542 ¹navium

130 1575 289 1639 magnum
311 1575 383 1621 esse
406 1556 656 1647 incommodum
678 1541 864 1638 acceptum]

79 1685 116 1740 ῃ
175 1659 242 1724 His
270 1660 367 1726 rebus
403 1660 546 1743 coguitis
579 1659 705 1725 Caesar
740 1660 889 1742 legiones
926 1660 1180 1744 equitatumque
1193 1678 1286 1728 caesar

129 1764 276 1828 revocari
299 1743 400 1846 atque
424 1765 459 1828 in
485 1764 603 1828 itinere
624 1763 775 1829 resistere
798 1763 898 1840 iubet,
921 1764 992 1848 ipse
1014 1765 1057 1830 ad
1080 1785 1180 1832 naves
1192 1749 1326 1860 ζζᾛῗ

100 1867 326 1945 erevertitur3
349 1868 468 1932 eadem
489 1867 565 1947 sere,
582 1887 669 1950 quae
689 1888 734 1932 ex
756 1868 880 1932 nuntiis
900 1868 1086 1952 litterisque
1103 1889 1179 1954 cog·

128 1981 276 2050 noverat,
288 1991 402 2037 coram
413 1971 581 2055 perspicit,
590 1973 638 2036 sic
649 1981 687 2036 ut
701 1972 830 2051 amissis
841 1971 970 2037 circiter
980 1986 1030 2037 XL
1040 1972 1181 2039 navibus

129 2074 277 2157 reliquae
299 2084 413 2140 umen
435 2073 525 2140 refici
552 2096 649 2159 posse
674 2094 796 2159 magno
819 2078 956 2159 negotio
981 2069 1179 2143 viderentur.

99 2197 116 2246 s
132 2178 252 2262 ltaque
266 2201 311 2243 ex
326 2180 514 2264 legionibus
528 2180 639 2245 fabros
654 2178 772 2264 deligit
787 2191 821 2245 et
836 2201 881 2244 ex
897 2181 1081 2246 continenti
1094 2182 1179 2247 alios
1192 2191 1319 2269 Mature·

99 2265 378 2450 (arcessiguben
401 2283 553 2349 Labieno
567 2285 696 2363 scribit,
709 2288 759 2360 ut,-
772 2304 873 2367 quam
889 2285 1049 2368 plurimas
1064 2286 1178 2370 possit,
1191 2265 1349 2374 {effi}

100 2363 257 2469 sii-sle}
276 2386 382 2463 nibus,
392 2407 479 2470 quae
493 2399 571 2452 sunt
585 2389 676 2471 apud
692 2409 779 2464 erun,
788 2409 889 2453 naves
904 2389 1066 2454 instituat.
1093 2389 1181 2473 Ipse,

129 2491 195 2554 etsi
209 2511 262 2555 res
276 2501 347 2555 erat
363 2485 489 2557 multae
505 2513 628 2576 operae
644 2513 683 2557 ac
699 2492 832 2567 laboris,
848 2501 962 2558 tamen
981 2493 1180 2558 commodis·

128 2593 251 2658 dmum
267 2615 341 2660 esse
357 2597 485 2673 statuit,
499 2616 615 2660 omnes
635 2616 736 2661 naves
755 2596 895 2661 subduci
914 2606 948 2660 et
967 2617 1044 2662 cum
1064 2598 1181 2663 castris

99 2713 199 2765 tuna
228 2698 415 2765 munitione
443 2699 609 2783 coniungi.
666 2699 707 2763 In
736 2699 790 2764 bis
818 2700 916 2764 rebus
952 2700 1080 2764 circiter
1109 2701 1181 2767 dies

130 2816 157 2865 x
174 2804 339 2868 consumit
353 2825 396 2868 ne
410 2805 580 2869 nocturnis
594 2802 729 2886 quidem
752 2802 958 2894 temporibus
972 2805 1015 2868 ad
1031 2803 1180 2870 laborem

101 2933 115 2987 7
131 2905 274 2972 militurn
290 2908 496 2973 intermissis.
540 2907 723 2974 Subductis
735 2908 874 2972 navibus
889 2908 1072 2990 castrisque
1088 2927 1180 2992 egre-

129 3011 184 3094 gie
201 3011 339 3075 munitis
357 3011 489 3076 easdem
510 3010 633 3095 copias,
649 3030 733 3094 quas
751 3019 837 3090 ante,
856 3011 1022 3094 praesidio
1042 3011 1182 3077 navibus

99 3115 273 3199 areliquit,
301 3116 373 3198 ipse
401 3115 530 3192 eodem,
556 3116 646 3180 unde
669 3115 822 3192 redierat,
853 3113 1081 3199 proficiscitur.
1128 3116 1211 3183 Eos

162 3272 285 3328 lata.
308 3222 438 3319 extremi*
470 3269 632 3319 Tblsseems
715 3273 770 3328 ξπ.
791 3267 1100 3330 noutstinrofmt
1119 3245 1203 3320 least

128 3329 632 3398 toreiertotheresroltbeerremy,bot
680 3332 752 3385 rbat’
786 3334 854 3384 Here
873 3337 916 3384 the
938 3335 1005 3384 force
1026 3333 1057 3382 oi
1075 3330 1141 3382 ‘sic'
1159 3333 1181 3382 is

128 3399 263 3464 lougsnd
275 3400 499 3465 Kraneragreelu
514 3399 613 3450 reierrln
678 3401 849 3450 extenuative:
868 3399 1066 3462 notsoin17,l
1082 3410 1104 3448 a.

128 3467 151 3542 it
167 3472 196 3514 to
213 3465 256 3515 the
276 3466 398 3527 Romans,
414 3465 473 3514 wbo
491 3481 556 3542 were
602 3466 608 3478 ⁶
716 3471 766 3529 η.
783 3467 887 3515 fabros.
922 3463 1065 3528 Vegeti7
1083 3464 1181 3541 ‘fabros

126 3530 632 3660 astatrmttsrsa
679 3528 1182 3660 ffiffiffiqfflttt

128 3661 237 3711 tromm'
248 3665 275 3713 iu
286 3678 312 3727 9,
325 3666 338 3721 5
352 3663 368 3710 8
380 3663 455 3712 refers
468 3668 498 3712 to
508 3662 551 3712 the
561 3675 632 3711 nme
680 3663 795 3712 convenit
803 3661 898 3711 sociare
906 3658 1026 3710 militiae.¹
1052 3659 1107 3710 The
1115 3659 1182 3710 ideal

127 3741 204 3794 camp
220 3743 248 3778 ss
262 3729 377 3778 ‘mnne'
392 3728 419 3778 in
435 3732 486 3794 ql
505 3740 527 3776 1.
561 3727 631 3776 'l'bst
680 3727 938 3792 Romaulegionwas
953 3724 1182 3792 eseli-supporting

127 3794 148 3843 it
164 3792 225 3844 does
240 3803 284 3845 not
302 3809 382 3845 seems
396 3801 425 3844 to
442 3795 473 3844 be
489 3793 583 3858 proved
597 3794 631 3857 by
680 3793 748 3858 body
758 3793 821 3843 with
832 3792 955 3842 members
965 3791 1113 3855 scquainted
1120 3791 1181 3842 wilh

129 3873 168 3920 u,
182 3863 196 3918 ς
209 3870 232 3923 7.
678 3858 715 3908 ull
725 3861 768 3910 the
779 3867 830 3908 srts
841 3857 870 3907 ol
877 3857 996 3922 praetiosl
1007 3857 1058 3907 lile.

159 3930 199 3975 n.
223 3929 237 3984 ς
261 3938 283 3974 1.
312 3928 345 3974 ln
365 3928 468 3976 sunere
489 3927 630 3975 adstare.
714 3927 1087 3989 tpqmruntepudeum.
1110 3922 1127 3973 i.
1136 3935 1178 3986 40,

124 3990 314 4108 mm
330 3991 427 4041 mma
445 3991 510 4040 utve
530 3990 630 4041 nonen
681 3996 730 4056 55,
743 3990 1030 4042 ‘0um...vrreuur.’
