2984 4992
134 531 184 579 36.
199 527 222 592 1]
372 528 426 579 DE
449 528 572 580 BELLO
597 529 766 581 GALLICO.
816 530 886 581 LIB.
916 532 954 581 VI
1126 538 1186 603 231

135 688 285 770 pervenit
311 689 409 763 fama,
433 692 531 775 diripi
558 690 730 757 Eburones
754 702 856 774 atque
885 690 972 757 ultro
997 711 1113 757 omnes
1143 694 1187 759 ad

106 817 121 865 5
135 794 294 875 praedam
311 795 448 861 evocari.
494 794 627 879 Cogunt
641 796 788 879 equitum
804 798 871 861 duo
892 796 982 860 milia
997 796 1187 881 Sugambri,

136 896 194 977 qui
224 906 301 962 sunt
333 898 478 981 proximi
508 898 637 975 Rheno,
661 919 682 964 a
711 899 830 983 quibus
860 910 1010 983 receptos
1039 919 1084 964 ex
1107 897 1187 984 iuga

103 999 317 1067 oTencteros
342 1012 445 1086 atque
471 1003 628 1085 Usipetes
652 1024 752 1086 supra
773 1004 955 1068 docuimus.
1000 1002 1187 1069 Transeunt

136 1102 294 1169 Rhenum
319 1105 456 1171 navibus
481 1108 672 1189 ratibusque
702 1107 839 1190 triginta
868 1107 1000 1172 milibus
1030 1128 1187 1190 passuum

135 1205 220 1270 inira
236 1228 311 1273 eum
332 1209 452 1285 locum,
468 1210 524 1275 ubi
544 1230 628 1293 pons
644 1220 714 1275 erat
735 1212 899 1295 perlectus
920 1209 1188 1293 praesidiumque

136 1329 157 1373 a
183 1309 326 1377 Caesare
354 1314 526 1389 relictum3
557 1314 679 1395 primos
705 1314 900 1379 Eburonum
929 1313 1010 1378 lines
1040 1316 1186 1393 adeunt;

136 1414 261 1480 multos
293 1437 337 1479 err
376 1415 456 1503 fuga
488 1417 656 1500 dispersos
691 1418 871 1500 excipiunt,
901 1436 1023 1501 magno
1058 1419 1188 1500 pecoris

136 1538 281 1595 numero,
297 1520 388 1583 cuius
404 1529 482 1583 sunt
495 1520 696 1604 cupidissimi
720 1520 859 1595 barbari,
876 1522 1054 1603 potiuntur.
1101 1522 1187 1585 Invi-

104 1640 120 1693 7
136 1622 198 1686 tati
218 1623 340 1705 praeda
364 1623 493 1707 longius
512 1625 704 1706 procedunt.
753 1624 831 1688 Non
848 1623 911 1688 hos
929 1623 1024 1706 palus
1044 1624 1077 1688 in
1097 1624 1187 1692 bello

135 1724 381 1809 latrociniisque
407 1736 514 1807 natos,
539 1746 604 1791 non
636 1727 739 1791 silvae
769 1737 948 1791 morantur.
993 1726 1122 1810 Quibus
1152 1730 1186 1793 in

135 1830 216 1894 locis
230 1830 273 1894 sit
290 1829 420 1908 Caesar,
435 1852 479 1896 ex
495 1832 635 1915 captivis
649 1840 832 1914 quaerunt3
855 1831 1039 1913 proiectum
1054 1831 1185 1916 longius

135 1934 303 2016 reperiunt
324 1954 522 2019 omnemque
548 1936 730 1999 exercitum
758 1935 950 2001 discessisse
973 1948 1184 2018 cognoscunt.

102 2050 119 2096 s
134 2036 252 2120 Atque
265 2056 348 2101 unus
363 2059 408 2104 ex
420 2039 568 2121 captivis,
583 2040 682 2121 ‘quid
694 2033 772 2115 vos,'
781 2038 897 2120 inquit,
911 2038 1015 2102 ‘hanc
1031 2040 1184 2103 miseram

134 2160 174 2203 ac
204 2150 338 2206 tenuem
370 2142 539 2207 sectamini
570 2144 738 2226 praedam,
764 2140 988 2224 quibuslicet
1018 2143 1083 2207 iam
1112 2164 1185 2208 esse

133 2242 424 2311 fortunatissimis?
477 2246 598 2312 Tribus
624 2245 713 2311 horis
742 2246 957 2311 Aduatucam
987 2246 1096 2311 venire
1125 2268 1185 2330 po·

133 2350 247 2414 testis:
269 2348 335 2412 huc
357 2368 473 2414 omnes
495 2370 572 2415 suas
595 2348 743 2415 fortunas
766 2350 931 2414 exercitus
955 2350 1183 2414 Romanorum

101 2452 294 2527 9contulit;
314 2452 468 2534 praesidii
484 2460 614 2517 tantum
630 2462 690 2531 est,
705 2464 742 2517 ut
758 2472 801 2517 ne
816 2472 927 2516 murus
942 2452 1076 2535 quidem
1098 2454 1185 2535 cingi

133 2557 249 2639 possit,
264 2576 372 2641 neque
386 2557 561 2640 quisquam
577 2558 690 2640 egredi
707 2566 806 2620 extra
830 2557 1028 2620 munitiones
1043 2556 1184 2620 audeat.⁸

81 2686 119 2723 ro
132 2659 259 2725 Oblata
287 2680 349 2743 spe
379 2660 546 2740 Germani,
576 2681 677 2744 quam
708 2662 797 2725 nacti
829 2669 923 2725 erant
953 2659 1121 2741 praedam,
1148 2662 1183 2724 in

131 2764 263 2829 occulto
299 2764 508 2847 relinquunt;
547 2765 610 2847 ipsi
644 2764 858 2829 Aduatucam
892 2763 1096 2828 contendunt
1134 2766 1184 2829 usi

131 2870 250 2933 eodem
272 2868 365 2945 duce,
388 2868 481 2933 cuius
503 2868 584 2933 haec
608 2869 729 2932 indicio
751 2878 987 2951 cognoverant.

66 2994 117 3047 36
177 2970 303 3049 Cicero,
318 2972 375 3054 qui
397 2992 513 3037 omnes
536 2972 720 3056 superiores
739 2972 811 3037 dies
830 2971 1014 3056 praeceptis
1034 2970 1184 3039 Caesaris
1196 2990 1260 3041 nom
1270 2990 1352 3043 ιιιιι

130 3095 208 3139 cum
231 3095 361 3139 summa
383 3075 551 3159 diligentia
573 3074 725 3140 milites
717 3094 750 3138 m
773 3075 887 3141 cantis
907 3062 1124 3141 continuisset
1143 3092 1183 3139 ac
1192 3056 1343 3184 ssffi‘fffi

130 3200 175 3244 ne
188 3178 338 3244 calonem
353 3180 489 3263 quidem
510 3198 711 3263 quemquam
727 3189 825 3244 extra
840 3178 1056 3243 munitionem
1071 3178 1251 3262 egredimur
1261 3196 1306 3239 out
1316 3196 1343 3240 to

128 3304 248 3366 passus
273 3292 370 3359 esset,
393 3281 536 3367 septimo
562 3283 617 3346 die
641 3282 794 3347 diffidens
820 3282 864 3346 de
889 3301 1027 3346 numero
1054 3252 1287 3347 dierumfornge

130 3386 308 3452 Caesarem
333 3385 434 3451 fidem
460 3398 676 3463 servaturum,
700 3386 790 3468 quod
816 3384 947 3467 longius
971 3404 1181 3469 progressum

127 3490 298 3571 audiebat,
322 3510 431 3573 neque
457 3489 524 3555 ulla
550 3493 593 3556 de
618 3491 726 3555 reditu
757 3490 827 3554 eius
857 3487 946 3553 lama
975 3488 1182 3566 afferebatur,

161 3698 268 3759 3595
285 3708 379 3752 mora.
413 3692 446 3743 ir.
459 3692 497 3750 16,
512 3697 561 3752 9ι.
680 3692 850 3757 comparative
867 3691 934 3743 loroe
950 3692 1006 3742 oi‘
1017 3690 1097 3753 inira,¹
1113 3708 1180 3743 oom-

163 3760 214 3820 96.
230 3762 626 3818 matutamfflbuspuauum.
678 3758 769 3823 parlng
792 3759 832 3818 ιδ,
856 3762 902 3816 91
926 3757 1022 3823 ‘paulo
1047 3756 1111 3844 infra
1131 3757 1181 3809 ele·

125 3826 197 3878 Here
213 3840 251 3875 we
268 3826 332 3874 have
349 3825 391 3875 the
407 3824 460 3875 abl.
472 3824 500 3875 oi
514 3824 627 3874 distance
677 3820 800 3888 pbantos!

125 3900 243 3955 contrary
264 3900 292 3941 to
314 3888 426 3941 Caeam
446 3890 546 3955 general
565 3889 625 3939 rule.
712 3893 763 3952 99
779 3894 901 3948 tantum,
915 3886 1119 3951 ‘justsomuch'
1130 3888 1180 3938 and

124 3953 625 4016 Seeli.16,§1‘nonamlius‚’&c.
677 3954 909 4005 ao-‘tantnlurn’
954 3953 1003 4019 Cp.
1031 3955 1062 4006 C.
1088 3955 1124 4005 nt
1155 3969 1179 4017 ι

125 4024 224 4076 Kraner
246 4022 377 4072 attributes
398 4020 442 4072 the
464 3971 513 4072 abl.
533 4028 560 4070 to
584 4020 626 4071 the
680 4024 736 4081 ⁵²·
