2984 4992
160 1530 253 1580 Cam

160 1594 305 1646 establishes

160 1677 176 1709 a
187 1660 278 1710 second

160 1741 241 1791 camp.

162 2990 218 3039 The
228 2989 282 3039 first

162 3055 232 3119 day's
243 3054 315 3118 fight-

163 3121 207 3183 ing
217 3120 286 3170 inde·

162 3186 245 3236 cisive.

328 522 369 603 5⁸
675 533 703 586 c
729 534 826 587 rum
848 533 1036 588 CAESARIS
1274 535 1335 603 [ss
1348 549 1381 601 5-

329 695 414 770 simi,
437 713 522 776 quos
544 714 588 758 ex
613 694 705 759 omni
728 696 826 779 copia
848 695 968 780 singuli
991 694 1139 781 singulos
1161 716 1242 761 suae
1263 695 1380 761 salutis

329 818 429 863 causa
448 799 659 881 delegerant:
681 819 758 864 cum
778 799 830 864 his
850 800 884 865 iu
903 799 1037 884 proeliis
1051 800 1275 865 versabantur.
1321 798 1410 863 Aur

329 921 387 968 eos
408 922 445 966 se
464 903 593 984 equites
612 902 834 987 recipiebant3
855 902 901 980 hi,
921 905 949 967 si
969 904 1049 986 quid
1069 914 1141 969 erat
1160 903 1285 981 durius,
1301 924 1380 967 cou-

329 1004 514 1083 currebant,
526 1007 553 1070 si
564 1007 623 1089 qui
637 1006 789 1089 graviore
799 1006 934 1071 vulnere
948 1018 1087 1091 accepto
1099 1026 1186 1089 equo
1201 1008 1381 1082 deciderat,

329 1110 635 1188 circumsistebant3
666 1110 694 1175 si
721 1130 790 1193 quo
814 1120 886 1175 erat
910 1111 1041 1196 lougius
1066 1112 1297 1194 prodeundum
1321 1120 1409 1179 aut?

328 1213 468 1279 celerius
498 1214 731 1299 recipiendum,
762 1224 856 1281 tanta
885 1226 957 1281 erat
989 1214 1107 1280 horum
1141 1214 1382 1280 exercitatione

328 1318 489 1396 celeritas,
511 1326 550 1382 ut
571 1318 658 1383 iubis
681 1337 844 1400 equorum
869 1318 1031 1385 sublevati
1056 1339 1187 1384 cursum
1211 1320 1380 1399 adaequa·

328 1432 412 1487 rent.

375 1526 445 1591 Ubi
460 1546 536 1589 eum
552 1525 667 1591 castris
681 1545 717 1590 se
733 1533 845 1590 tenere
866 1524 989 1591 Caesar
1009 1524 1185 1603 intellexit,
1200 1545 1242 1589 ne
1256 1524 1382 1590 diutius
1398 1529 1439 1583 49

330 1638 520 1695 commeatu
542 1628 781 1711 prohiberetur,
805 1628 890 1694 ultra
912 1650 988 1695 eum
1014 1630 1135 1704 locum,
1157 1650 1224 1712 quo
1248 1630 1282 1693 in
1306 1629 1381 1694 loco

332 1732 492 1798 Germani
515 1733 739 1811 consederant,
762 1732 892 1798 circiter
915 1754 1032 1817 passus
1053 1742 1229 1798 sexcentos
1252 1732 1297 1796 ab
1319 1732 1381 1809 his,

330 1836 447 1901 castris
468 1836 624 1901 idoneum
647 1836 758 1901 locum
780 1836 904 1921 delegit
923 1838 1059 1920 acieque
1078 1835 1198 1921 triplici
1220 1838 1382 1901 instructa

330 1940 375 2006 ad
401 1960 479 2005 eum
504 1938 614 2005 locum
639 1942 739 2004 venit
785 1940 928 2007 Primam
952 1951 987 2006 et
1014 1940 1193 2007 secundam
1218 1941 1324 2006 aciem
1348 1940 1407 2003 ina

331 2046 432 2110 armis
453 2064 534 2124 esse,
553 2046 687 2111 tertiam
706 2054 815 2109 castra
837 2047 965 2111 munire
986 2046 1088 2111 iussit.
1135 2045 1200 2110 Hic
1221 2044 1316 2109 locus
1338 2045 1409 2109 abs

331 2149 429 2215 hoste
449 2149 579 2213 circiter
600 2169 717 2232 passus
738 2160 925 2228 sexcentos
949 2150 997 2214 uti
1020 2150 1145 2215 dictum
1173 2158 1233 2226 est,
1255 2148 1381 2214 aberat.

333 2254 387 2319 Eo
412 2252 542 2318 circiter
564 2251 738 2317 hominum
763 2274 902 2319 numero
926 2254 1071 2319 sedecim
1099 2252 1191 2317 milia
1222 2254 1381 2335 expedita

331 2379 407 2423 cum
423 2358 514 2423 omni
528 2357 680 2440 equitatu
694 2357 885 2422 Ariovistus
901 2357 1001 2437 misit,
1017 2378 1103 2441 quae
1117 2356 1236 2441 copiae
1250 2366 1381 2421 nostros

331 2471 550 2546 perterrereut
579 2470 615 2525 et
644 2460 827 2526 munitione
855 2461 1076 2543 prohiberent.
1133 2459 1246 2524 Nihilo
1275 2460 1409 2526 secius4
1482 2456 1483 2460 ’

332 2566 463 2643 Caesar,
472 2577 510 2632 ut
521 2576 599 2631 aute
610 2565 834 2644 constituerat,
843 2566 927 2629 duas
938 2566 1026 2631 acies
1037 2565 1167 2630 hostem
1180 2562 1379 2647 propulsare,

332 2672 465 2736 tertiam
487 2690 572 2752 opus
596 2670 753 2752 perticere
777 2669 881 2734 iussit.
926 2670 1067 2735 Munitis
1089 2671 1203 2733 castris
1224 2670 1309 2733 duas
1335 2670 1407 2735 ibis
1481 2688 1482 2696 ¹

332 2772 481 2856 legiones
497 2774 630 2855 reliquit
639 2784 673 2839 et
684 2784 813 2856 partem
826 2774 1025 2838 auxiliorum
1038 2798 1046 2850 3
1063 2784 1222 2855 quattuor
1237 2773 1380 2856 reliquas

331 2877 365 2940 in
382 2886 490 2941 castra
504 2879 630 2943 maiora
645 2878 787 2943 reduxit

376 2979 535 3045 Proximo
560 2982 614 3046 die
637 2981 791 3046 instituto
816 3002 877 3047 suo
904 2980 1068 3047 Caesare
1094 2983 1208 3047 castris
1230 2982 1428 3064 utrisqueto

332 3085 446 3167 copias
468 3104 545 3147 suas
567 3084 685 3148 eduxit
708 3084 911 3168 paulumque
926 3106 947 3150 a
962 3086 1141 3151 maioribus
1163 3084 1280 3149 castris
1303 3104 1379 3169 pro-
1479 3160 1480 3171 χ

332 3208 462 3274 gressus
484 3188 590 3253 aciem
617 3188 784 3261 instruxit,
807 3189 959 3255 hostibus
981 3190 1151 3275 pugnandi
1179 3197 1381 3272 potestatem

332 3294 420 3359 iecit.
465 3292 534 3358 Ubi
550 3300 678 3357 netum
694 3293 829 3374 quidem
846 3314 903 3359 eos
918 3294 1050 3377 prodire
1065 3292 1237 3368 intellexit,
1254 3294 1406 3358 circiterr
1478 3316 1479 3367 ς

333 3398 505 3465 meridiem
531 3397 714 3462 exercitum
742 3398 776 3462 in
801 3408 906 3463 casua
937 3398 1080 3463 reduxit.
1125 3396 1213 3461 Tum
1245 3398 1381 3461 demum
1478 3378 1479 3406 ¹

334 3502 522 3568 Ariovistus
536 3512 666 3586 partem
680 3521 815 3565 suarum
836 3501 1016 3587 copiarum,
1031 3521 1116 3584 quae
1131 3510 1239 3565 castra
1255 3502 1380 3566 minora
1477 3524 1478 3537 ¹

332 3614 551 3690 oppugnaret,
570 3608 670 3671 misit.
698 3605 833 3673 Acriter
850 3606 1017 3689 utrimque
1028 3624 1132 3687 usque
1147 3604 1189 3668 ad
1206 3625 1379 3687 vesperum

332 3720 518 3792 pugnatum
550 3719 610 3775 est.
667 3708 756 3775 Solis
785 3729 904 3776 occasu
941 3730 1018 3775 suas
1050 3708 1163 3793 copias
1194 3708 1405 3782 Ariovistum
1476 3760 1477 3779 ,

368 3949 428 4010 ⁵⁶.
450 3954 477 4001 n
498 3956 557 4029 om
603 3952 659 4003 rue
679 3953 825 4003 uumerus
882 3950 1092 4029 ‹qunajecuvn
1109 3950 1379 4003 coadorandum

335 4016 445 4067 moen
476 4016 554 4082 ‘quu'
587 4018 752 4069 substaotlvrl
776 4018 825 4069 md
882 4016 1066 4084 ‘u'preoedes
1098 4017 1146 4082 Cp
1161 4018 1194 4069 vl.
1209 4030 1248 4081 13,
1262 4023 1291 4080 55
1304 4016 1329 4077 6,
1340 4031 1363 4081 9.
