2984 4992
129 540 198 607 ns]
364 542 418 595 nn
440 542 949 597 amaoosarrco.nrn.v1
1085 550 1182 611 coo

129 701 230 782 tibus,
266 702 458 789 priusquam
497 704 531 769 id
569 702 654 771 effici
695 714 819 788 posset,
853 704 971 771 adesse
1008 703 1303 771 Romanosnuten

101 808 310 873 enuntiatur.
354 808 551 875 Necessario
584 808 750 875 sententia
786 809 949 874 desistunt
984 807 1180 894 legatosque
1191 780 1337 899 ffiffig

129 909 331 994 deprecandi
363 932 461 979 causa
491 913 535 977 ad
570 911 745 979 Caesarem
780 912 939 993 mittunt;
967 914 1091 979 adeunt
1121 920 1267 997 perment

102 1034 117 1083 s
132 1014 280 1091 Aeduos,
292 1036 434 1099 quorum
452 1016 635 1101 antiquitus
648 1024 718 1081 erat
734 1017 767 1080 in
784 1014 850 1081 fide
866 1016 992 1082 civitas.
1021 1016 1182 1083 Libenter

132 1117 257 1184 Caesar
278 1120 468 1204 petentibus
488 1119 617 1185 Aeduis
636 1121 695 1186 dat
714 1120 846 1185 veniam
864 1120 1182 1203 excusationemque

131 1223 260 1305 accipit,
274 1224 364 1305 quod
380 1225 544 1289 aestivum
556 1235 690 1308 tempus
708 1225 860 1289 instantis
879 1223 966 1303 beili,
980 1244 1046 1291 non
1062 1244 1180 1306 quaes·

101 1326 232 1391 stionis
247 1328 561 1409 essearbitrabatur.
597 1324 779 1393 Obsidibus
791 1328 962 1409 imperatis
974 1337 1106 1391 centum
1118 1327 1180 1391 hoc

102 1428 263 1495 sAeduis
285 1430 520 1497 custodiendos
546 1431 657 1499 tradit.
703 1432 834 1497 Eodem
863 1430 1026 1497 Carnutes
1051 1431 1180 1516 legatos

132 1534 332 1618 obsidesque
356 1536 494 1600 mittunt
517 1536 567 1599 usi
591 1534 861 1617 deprecatoribus
888 1536 1012 1609 Remis,
1038 1554 1181 1618 quorum

102 1647 117 1697 6
132 1648 226 1703 erant
240 1638 273 1702 in
289 1638 462 1705 clientela:
485 1639 602 1704 eadem
621 1639 730 1704 ferunt
745 1658 910 1721 responsa
956 1638 1088 1723 Peragit
1102 1658 1180 1705 con·

131 1740 241 1805 cilium
262 1740 384 1807 Caesar
397 1744 590 1827 equitesque
604 1743 744 1827 imperat
759 1743 956 1808 civitatibus

95 1856 116 1909 5
176 1844 251 1911 Hac
269 1858 363 1929 parte
385 1845 513 1911 Galliae
531 1859 648 1929 pacata
668 1857 761 1913 totus
779 1856 813 1910 et
831 1856 942 1911 mente
961 1855 995 1913 et
1013 1847 1128 1911 animo
1146 1848 1179 1910 in
1192 1863 1284 1914 esem

102 1948 256 2015 ²bellum
277 1950 496 2016 Treverorum
517 1960 551 2016 et
575 1950 782 2033 Ambiorigis
804 1951 934 2019 insistit.
980 1949 1178 2017 Cavarinum
1192 1926 1335 2061 {ffihgf

131 2074 208 2118 cum
231 2055 381 2137 equitatu
405 2053 574 2120 Senonum
597 2074 709 2119 secum
732 2054 895 2139 proficisci
919 2055 1020 2132 iubet,
1042 2075 1084 2120 ne
1105 2055 1181 2137 quis
1192 2058 1331 2110 Ambiorix·

129 2167 188 2223 aut
210 2178 253 2221 ex
276 2157 373 2224 huius
393 2158 561 2224 iracundia
582 2168 641 2224 aut
663 2178 707 2223 ex
730 2179 781 2237 eo,
796 2160 886 2243 quod
910 2170 1083 2237 meruerat,
1099 2160 1179 2224 odio

102 2282 118 2332 s
132 2263 275 2327 civitatis
290 2273 401 2328 motus
416 2264 566 2327 exsistat.
609 2262 672 2327 His
688 2264 785 2327 rebus
800 2264 998 2341 constitutis,
1013 2262 1105 2345 quod
1120 2282 1180 2344 pro

132 2365 308 2451 explorato
334 2366 480 2433 habebat
505 2366 738 2451 Ambiorigem
765 2365 892 2450 proelio
915 2386 982 2431 non
1005 2386 1077 2431 esse
1099 2385 1179 2430 con-

131 2479 344 2551 certaturum,
359 2471 483 2553 reliqua
504 2471 575 2535 eius
596 2470 733 2535 consilia
756 2471 868 2536 animo
886 2470 1179 2553 circumspiciebat

100 2573 240 2639 4Erant
262 2574 409 2657 Menapii
435 2574 611 2658 propinqui
634 2574 830 2639 Eburonum
857 2572 986 2651 finibus,
1012 2574 1181 2656 perpetuis

131 2678 308 2763 paludibus
323 2674 480 2760 silvisque
494 2678 621 2757 muniti,
636 2678 693 2760 qui
715 2678 771 2741 uni
791 2696 836 2740 ex
853 2675 962 2742 Gallia
976 2679 1019 2743 de
1038 2696 1121 2761 pace
1135 2676 1179 2741 ad

132 2782 309 2848 Caesarem
334 2782 463 2865 legatos
486 2802 668 2865 numquam
699 2781 867 2845 miserant.
913 2780 1000 2845 Cum
1028 2780 1080 2845 his
1108 2802 1180 2847 esse

129 2886 311 2971 hospitium
327 2885 518 2968 Ambiorigi
532 2886 658 2951 sciebat
673 2906 681 2963 ;
699 2886 781 2949 item
797 2905 856 2967 per
870 2884 1034 2949 Treveros
1052 2886 1180 2951 uenisse

101 2989 308 3062 rGermanis
336 2990 371 3054 in
399 2989 577 3055 amicitiam
610 2998 819 3074 cognoverat
875 2988 970 3053 Haec
1007 2989 1098 3072 prius
1132 2987 1180 3053 illi

131 3094 336 3159 detrahenda
371 3093 496 3159 auxilia
535 3093 760 3170 existimabat,
800 3112 902 3177 quam
944 3094 1054 3175 ipsum
1091 3091 1180 3158 bello

129 3197 314 3276 lacesseret,
325 3218 368 3263 ne
377 3198 554 3281 desperata
566 3196 673 3262 salute
684 3206 743 3263 aut
758 3218 794 3261 se
808 3198 843 3260 in
853 3196 1028 3281 Menapios
1042 3196 1180 3261 abderet

100 3312 189 3367 6aut
209 3322 283 3367 cum
306 3300 568 3367 Transrhenanis
588 3302 744 3386 congredi
766 3309 948 3385 cogeretur.
995 3300 1073 3365 Hoc
1094 3299 1178 3363 inito
1190 3314 1348 3379 Sennimm

129 3406 266 3473 consilio
291 3407 394 3471 totius
416 3406 581 3471 exercitus
606 3406 845 3488 impedimenta
868 3405 912 3469 ad
935 3404 1121 3469 Labienum
1144 3382 1306 3497 5⁰:3⁸3

128 3511 292 3576 Treveros
307 3510 411 3576 mittit
425 3510 573 3593 duasque
587 3509 733 3592 legiones
747 3510 879 3573 adeum
895 3506 1056 3590 proficisci
1071 3508 1177 3585 iubet3
1191 3511 1287 3577 regions
1297 3518 1324 3561 1⁰

128 3616 200 3700 ipse
215 3636 290 3680 cum
306 3614 491 3699 legionibus
507 3614 674 3697 expeditis
688 3613 836 3696 quinque
851 3613 886 3676 in
907 3612 1082 3695 Menapios
1103 3631 1178 3694 pro·
1191 3577 1336 3694 fflffis

160 3834 264 3892 4.§3.
281 3830 462 3887 quaestionis.
498 3826 630 3879 Thiauna
681 3822 779 3876 Rhine!
812 3822 852 3874 ‘C
948 3823 1180 3876 '’inmoreoiten

128 3902 156 3946 to
168 3910 241 3946 come
253 3895 324 3945 later.
356 3892 404 3944 See
414 3908 454 3957 44,
469 3899 482 3954 ξ
498 3907 519 3943 1.
679 3893 741 3941 used
767 3889 798 3940 oi
820 3889 840 3939 b
878 3890 913 3940 'e
936 3889 997 3941 than
1022 3892 1052 3941 oi
1075 3890 1180 3955 irlesrdiy

161 3966 188 4011 n.
213 3966 226 4020 l
252 3974 275 4023 5.
305 3974 370 4010 cuns
394 3960 628 4018 mansurnis,
679 3956 796 4022 suerting.

130 4030 173 4079 ‘to
187 4025 242 4089 join
252 4024 313 4076 trith
328 4024 369 4076 the
383 4024 474 4091 people
488 4038 571 4076 across
586 4022 629 4075 the

173 4108 218 4151 Ἠ-
633 4122 653 4173 p
