2984 4992
328 547 387 609 142
676 538 703 590 c
729 539 826 590 wau
848 537 1035 592 cussanus
1276 539 1336 606 [aa
1349 551 1381 589 ι-

326 712 497 782 venerunt,
511 701 568 786 qui
583 721 619 766 se
639 702 682 766 de
701 701 879 784 superioris
898 699 1058 785 temporis
1078 699 1218 766 consilio
1239 719 1380 764 excusa·

327 817 412 887 rent,
440 807 531 890 quod
562 807 714 872 homines
742 805 875 872 barbari
904 815 940 871 et
968 814 1103 870 nostrae
1130 805 1380 870 consuetudinis

327 911 468 996 imperiti
483 911 609 975 bellum
624 909 750 995 populo
766 910 923 976 Romano
936 909 1099 987 fecissent,
1113 928 1216 992 seque
1229 928 1279 988 ea,
1294 929 1380 991 quae

327 1017 529 1099 imperasset,
568 1015 712 1079 facturos
748 1011 993 1098 pollicerentur.
1039 1011 1118 1076 Hoc
1153 1012 1219 1078 sibi
1258 1011 1408 1078 Caesam

327 1119 407 1185 satis
432 1127 619 1202 opportune
648 1117 807 1182 accidisse
835 1117 1023 1192 arbitratus,
1047 1115 1139 1198 quod
1168 1135 1277 1199 neque
1290 1115 1382 1204 (post

327 1213 470 1312 tergurrp
482 1223 614 1288 hostem
640 1221 826 1304 relinquere
850 1220 985 1285 volebat
1005 1239 1114 1302 neque
1137 1220 1216 1284 belli
1241 1221 1381 1304 gerendi

328 1335 466 1412 propter
498 1324 576 1390 anni
612 1334 746 1407 tempus
778 1322 971 1389 facultatem
1001 1324 1150 1390 habebat
1177 1343 1288 1407 neque
1318 1324 1382 1390 has

328 1430 532 1496 tantularum
548 1449 657 1492 rerum
672 1427 907 1511 occupationes
923 1426 1115 1492 Britanniae
1126 1429 1383 1510 anteponendas

330 1518 509 1610 iudicabat,
547 1551 705 1616 magnum
744 1533 784 1596 iis
821 1551 995 1596 numerum
1032 1520 1189 1597 obsidum
1226 1533 1382 1614 imperat.

331 1637 462 1722 Quibus
482 1637 636 1702 adductis
653 1655 710 1700 eos
732 1636 765 1699 in
785 1635 887 1700 fidem
905 1636 1040 1720 recepit
1084 1635 1237 1700 Navibus
1254 1637 1416 1702 circiters

331 1754 436 1806 Lxxx
455 1741 612 1806 onerariis
631 1740 756 1806 coactis
775 1740 1025 1822 constratisque,
1041 1750 1124 1822 quot
1143 1741 1225 1806 satis
1243 1761 1318 1805 esse
1335 1742 1383 1804 ad

266 1876 273 1891 ·
330 1846 414 1910 duas
429 1847 699 1928 transportandas
710 1843 856 1928 legiones
867 1844 1093 1922 existimabat,
1103 1847 1194 1926 quod
1210 1854 1385 1929 praeterea

330 1949 464 2013 navium
488 1947 658 2032 longarum
681 1948 838 2030 habebat,
851 1945 1028 2032 quaestori,
1048 1949 1168 2032 legatis
1189 1949 1385 2032 praefectis·

328 2072 395 2135 que
417 2053 594 2120 distribuit.
642 2053 720 2117 Huc
743 2054 949 2120 accedebant
963 2061 1059 2116 xv111
1079 2055 1250 2118 onerariae
1270 2073 1417 2130 naves‚4

329 2177 417 2240 quae
440 2177 485 2220 ex
508 2177 549 2222 eo
576 2158 650 2223 loco
674 2177 694 2222 a
718 2157 851 2223 milibus
878 2177 1035 2240 passuum
1059 2166 1138 2221 octo
1164 2166 1267 2223 vento
1289 2167 1386 2224 tene·

330 2263 459 2341 bantur,
479 2281 546 2345 quo
571 2261 679 2325 minus
702 2261 736 2324 in
762 2263 905 2327 eundem
930 2271 1066 2344 portum
1087 2261 1202 2325 venire
1227 2274 1385 2344 possent:

330 2368 390 2431 has
419 2363 585 2449 equitibus
612 2365 790 2430 distribuit.
835 2364 1016 2447 Reliquum
1042 2364 1227 2430 exercitum
1252 2365 1414 2449 Quintos

331 2470 462 2535 Titurio
482 2467 608 2535 Sabino
632 2478 667 2534 et
687 2467 794 2533 Lucio
812 2468 1041 2534 Aurunculeio
1062 2459 1185 2533 Cottae
1207 2468 1326 2552 legatis
1347 2471 1385 2534 in

332 2574 508 2658 Menapios
531 2583 632 2656 atque
654 2573 687 2636 in
712 2591 771 2637 eos
793 2593 898 2656 pagos
916 2573 1134 2650 Morinorum,
1151 2595 1172 2637 a
1194 2573 1316 2655 quibus
1337 2576 1384 2639 ad

332 2699 408 2742 eum
438 2661 539 2761 legati
570 2697 637 2743 non
666 2687 834 2755 venerant,
861 2677 1058 2766 (lucendum
1075 2677 1190 2755 dedit;
1225 2677 1414 2745 Publiumo

333 2781 516 2866 Sulpicium
533 2781 658 2846 Rufum
676 2781 825 2868 legatum
840 2801 915 2846 curn
936 2801 978 2846 eo
998 2781 1172 2864 praesidio,
1187 2782 1279 2864 quod
1300 2783 1384 2847 satis

332 2904 405 2950 esse
419 2886 650 2963 arbitrabatur,
664 2895 799 2969 portum
817 2894 932 2950 tenere
946 2885 1049 2949 iussit

162 3009 262 3061 Antvd
274 3007 313 3060 ott
376 2989 440 3053 His
456 2988 644 3054 constitutis
658 2991 757 3054 rebus
776 2997 893 3054 nactus
915 2989 1072 3053 idoneam
1092 2989 1136 3052 ad
1156 2989 1383 3071 navigandum
1398 2999 1441 3054 88

162 3075 265 3128 Britain
330 3101 566 3175 tempestatem
601 3092 699 3158 tertia
734 3092 803 3157 fere
837 3092 950 3177 vigilia
987 3091 1087 3156 solvit
1120 3093 1314 3175 equitesque
1347 3093 1383 3157 in

331 3197 521 3262 ulteriorem
542 3207 676 3281 portum
696 3196 852 3291 progredi
872 3206 907 3261 et
927 3215 1029 3260 naves
1049 3196 1270 3261 conscendere
1290 3205 1385 3261 etse

364 3381 408 3428 22.
428 3381 441 3438 ς
461 3391 483 3429 1.
509 3379 663 3435 saponem
686 3380 830 3436 umbonis
883 3377 924 3437 28,
947 3381 960 3436 ς
984 3390 1007 3436 1,
1032 3376 1082 3426 and
1105 3374 1246 3440 ‘superior’
1268 3391 1329 3440 may
1351 3377 1384 3428 be

331 3443 540 3502 Seeiiiansr.
881 3441 1407 3508 interpretedbyapmgeiusaoi'

365 3514 414 3574 53.
435 3513 507 3558 duae
526 3545 532 3558 .
552 3545 560 3558 .
578 3545 584 3556 .
603 3511 739 3566 legiones.
780 3505 832 3557 Ario
880 3508 924 3558 the
934 3523 1003 3558 same
1013 3507 1308 3573 chama-‘interiorem
1326 3523 1385 3572 par-

331 3573 533 3690 rdqpqssgdqu
548 3573 685 3688 repoaedoq}
698 3575 741 3636 rip
758 3589 831 3650 orpo-
880 3579 933 3624 tem
949 3573 1052 3660 insulae,
1086 3589 1133 3622 uae
1149 3581 1186 3688 “tt
1202 3573 1306 3638 propius
1322 3572 1385 3689 Ἐξ

330 3657 393 3756 εξ,
410 3705 454 3755 the
474 3639 833 3769 Z'rlivini'rgseomulssrlegerss
881 3653 1385 3780 walteriox‘lmpteetpoertpwhieb

331 3771 450 3834 Vegetius
458 3769 495 3834 (ii.
501 3769 528 3834 4)
538 3785 596 3834 says
603 3771 657 3820 that
663 3770 831 3821 thehucients
881 3770 948 3820 ison
959 3767 1072 3820 Caesar's
1082 3769 1151 3834 nght
1168 3785 1196 3818 as
1209 3769 1240 3819 he
1257 3770 1323 3819 nou
1339 3770 1383 3820 the

331 3835 439 3900 thought
449 3835 527 3896 these,
538 3835 599 3885 with
614 3834 678 3885 their
689 3837 831 3901 contingent
881 3836 1047 3897 mendthet
1055 3833 1177 3886 ‘interior'
1184 3833 1385 3885 whiehisoubis

332 3901 361 3952 of
370 3900 519 3961 auxiliaria,
530 3899 630 3965 enough
642 3899 681 3950 ior
691 3917 739 3966 any
749 3918 807 3952 wer.
880 3900 934 3951 lete
967 3899 1198 3964 Thisagreeswith
1214 3898 1258 3950 the
1271 3899 1385 3964 position

364 3969 409 4016 28.
430 3969 443 4026 ς
466 3978 487 4014 1.
512 3968 677 4016 ulteriorem
706 3973 829 4024 portum.
880 3967 910 4017 oi
928 3966 1089 4018 Ambleteuse
1110 3979 1139 4016 u
1164 3966 1299 4029 compared
1320 3965 1386 4016 with

331 4032 393 4083 Thlr
410 4032 432 4082 is
447 4029 528 4083 cellud
544 4032 672 4096 ‘superior
688 4031 787 4098 portus'
804 4033 830 4082 iu
880 4031 1018 4097 Boulogne.
