2984 4992
114 523 160 575 rr.
173 520 202 586 ι]
343 523 397 576 nn
419 523 543 578 sacco
568 527 736 580 caturco.
789 530 860 584 arn
890 531 943 583 vrr
1107 523 1167 603 οὓς

115 685 280 752 mentaria
304 687 479 755 Romanos
507 690 686 757 excludere
713 701 774 757 aut
803 693 966 760 adductos
997 693 1108 781 inopia
1134 697 1169 762 in

68 819 101 855 ιο
114 790 319 870 provinciam
334 793 502 878 expellere
520 805 668 878 possent.
713 795 826 879 Quam
847 799 889 864 ad
910 819 1004 882 spem
1026 800 1168 865 multum

113 911 173 957 eos
188 893 376 974 adiuvabat,
388 900 479 982 quod
491 899 594 984 Liger
608 920 653 965 ex
668 900 798 965 nivibus
813 913 969 980 creverat,
981 914 1017 969 ut
1033 905 1169 970 omnino

113 997 202 1061 vado
217 1019 285 1065 non
299 1021 399 1084 posse
412 1003 543 1066 transiri
558 1003 733 1068 videretur.

49 1120 94 1176 56
160 1101 291 1185 Quibus
306 1106 405 1170 rebus
419 1107 562 1190 cognitis
575 1107 697 1173 Caesar
708 1111 942 1175 maturandum
955 1111 1018 1176 sibi
1031 1111 1168 1193 censuit,
1181 1123 1272 1176 eaeor

114 1205 150 1270 si=
162 1219 250 1274 esset
270 1209 304 1273 in
323 1210 533 1293 perficiendis
552 1211 710 1294 pontibus
730 1212 996 1297 periclitandum,
1010 1223 1049 1279 ut
1069 1189 1328 1306 Pfiusrfflde

85 1336 99 1371 2
114 1330 219 1393 quam
234 1324 345 1378 essent
360 1315 500 1380 maiores
514 1336 556 1380 eo
569 1326 707 1381 coactae
721 1315 847 1400 copiae,
863 1318 1045 1385 dimicaret.
1076 1318 1167 1382 Nam
1181 1321 1264 1386 [ager.

114 1422 155 1479 ut
170 1427 376 1483 commutato
391 1417 531 1483 consilio
551 1420 615 1484 iter
627 1421 660 1483 in
681 1419 885 1502 provinciam
901 1430 1118 1500 converteret,
1133 1431 1169 1486 ut

115 1538 159 1582 ne
174 1530 267 1586 metu
281 1521 417 1605 quidem
439 1523 625 1590 necessario
643 1523 831 1588 faciundum
852 1523 1078 1603 existimabat,
1093 1543 1170 1590 cum

113 1621 251 1688 infamia
265 1633 366 1708 atque
382 1625 564 1709 indignitas
584 1626 630 1690 rei
651 1635 686 1690 et
705 1628 879 1710 oppositus
900 1646 995 1692 mons
1012 1627 1170 1694 Cevenna

113 1727 308 1812 viarumque
337 1728 511 1795 difficultas
544 1730 756 1813 impediebat,
785 1740 857 1795 tum
889 1731 1047 1811 maxime,
1077 1735 1168 1816 quod

115 1829 275 1896 abiuncto
290 1833 442 1898 Labieno
456 1842 558 1916 atque
572 1834 612 1898 iis
626 1833 822 1916 legionibus,
837 1855 920 1918 quas
941 1855 1008 1900 una
1026 1837 1170 1914 miserat,

85 1934 331 2005 avehementer
350 1936 500 2002 timebat.
546 1937 665 2021 Itaque
686 1938 869 2003 admodum
893 1939 1024 2022 magnis
1046 1938 1170 2004 diurnis

116 2041 353 2124 nocturnisque
371 2040 540 2105 itineribus
560 2039 718 2106 coniectis
738 2051 854 2106 contra
872 2043 1020 2108 omnium
1041 2043 1170 2126 opinio-

86 2163 194 2219 4ne1n
214 2144 258 2208 ad
279 2144 434 2228 Ligerem
449 2146 539 2210 venit
552 2144 706 2228 vadoque
726 2165 786 2227 per
804 2145 932 2229 equites
952 2147 1089 2212 invento
1108 2167 1170 2230 pro

116 2247 163 2311 rei
179 2249 376 2313 necessitate
395 2259 595 2333 opportuno,
610 2258 648 2313 ut
667 2247 803 2314 brachia
823 2249 925 2314 modo
943 2260 1045 2332 atque
1065 2252 1169 2315 umeri

115 2352 162 2416 ad
187 2351 380 2417 sustinenda
409 2372 502 2417 arma
530 2352 627 2417 liberi
657 2352 701 2416 ab
730 2371 817 2435 aqua
834 2373 907 2416 esse
930 2363 1075 2436 possent,
1101 2353 1169 2418 dis·

115 2455 228 2538 posito
244 2456 401 2540 equitatu,
416 2455 473 2539 qui
487 2456 556 2521 vim
571 2455 715 2520 fluminis
734 2457 934 2541 refringeret,
950 2467 1051 2540 atque
1065 2455 1169 2521 hosti-

88 2561 182 2634 rbus
210 2559 320 2643 primo
351 2569 489 2644 aspectu
520 2559 722 2644 perturbatis
756 2559 955 2625 incolumem
985 2559 1167 2626 exercitum

116 2664 270 2729 traduxit
302 2664 569 2748 frumentumque
604 2664 638 2728 in
674 2663 763 2748 agris
800 2673 834 2728 et
872 2664 1000 2749 pecoris
1035 2663 1168 2749 copiam

115 2776 235 2832 nactus
258 2766 386 2852 repleto
407 2767 459 2832 his
476 2767 575 2832 rebus
596 2767 744 2833 exercitu
764 2767 827 2832 iter
847 2766 882 2831 in
899 2766 1047 2834 Senones
1061 2770 1169 2833 iacere

117 2870 272 2936 instituit.

56 2995 97 3052 57
165 2975 255 3038 Dum
288 2973 371 3039 haec
403 2975 496 3059 apud
525 2973 703 3040 Caesarem
732 2984 899 3057 geruntur,
928 2973 1097 3041 Labienus
1127 2987 1305 3041 eolabienm

118 3079 362 3165 supplemento,
377 3077 470 3162 quod
490 3098 597 3162 nuper
610 3097 655 3144 ex
676 3078 776 3144 Italia
789 3087 933 3158 venerat,
948 3079 1061 3145 relicto
1076 3079 1167 3163 Age·
1179 3053 1303 3172 w

150 3243 197 3290 60.
215 3242 228 3298 t
248 3253 271 3290 a.
289 3244 378 3289 utne
396 3244 476 3288 metu
492 3241 618 3298 quidem,
705 3241 1054 3305 t4.qu1...rsn·1ngsrsr.
1078 3238 1172 3290 erem

118 3308 167 3356 bo.
199 3303 255 3354 Tbe
377 3303 620 3356 intbetextisthet
669 3304 1171 3371 recordshisemploymentosthesame

118 3368 349 3434 oinenrlyallthe
390 3369 434 3419 SS.
466 3369 619 3420 ‘Foresto
669 3385 813 3420 mnnoeuvre
847 3371 874 3420 in
903 3369 982 3435 Spain
1012 3369 1056 3434 (C.
1083 3369 1099 3420 i
1128 3367 1169 3434 64,

118 3435 159 3486 ¹1³⁵
250 3435 257 3448 '
302 3434 620 3500 hispnmnddimting
672 3440 702 3495 u
720 3435 790 3500 4-6).
807 3435 856 3485 mn
872 3434 1055 3500 Vegerimfflt
1073 3434 1100 3500 7)
1117 3434 1172 3500 ¹²5⁸

118 3501 160 3551 his
261 3500 620 3563 intotbeProvince,eoourse
669 3501 691 3550 it
707 3501 782 3550 down
799 3516 828 3551 as
843 3501 991 3566 attending
1011 3501 1064 3550 rule
1084 3500 1111 3550 oi
1128 3501 1171 3550 the

118 3566 202 3617 which
211 3566 243 3616 be
254 3566 298 3614 did
309 3565 527 3632 notthtnkongbt
536 3581 620 3616 neces·
670 3573 708 3617 rut
731 3566 762 3616 oi
779 3581 832 3616 war
852 3565 907 3616 thet
927 3564 1000 3615 when
1022 3573 1109 3630 troops
1130 3581 1172 3616 are

118 3630 620 3696 strilytobetakenevmioieer‚be
670 3631 783 3696 messing
807 3647 823 3681 a
847 3632 911 3682 river
932 3632 962 3681 oi
982 3646 1031 3694 any
1052 3631 1130 3696 depth
1154 3647 1170 3681 a

119 3696 316 3762 wupreventerl
326 3697 391 3748 from
401 3695 530 3758 thet’dm
563 3695 621 3747 The
670 3696 721 3748 line
737 3696 767 3746 oi
780 3697 880 3761 cavalry
895 3695 986 3746 should
1001 3697 1033 3746 be
1047 3697 1173 3747 rationed

120 3763 620 3848 constructioq‘nt...oonserteqet...
671 3762 752 3812 above
773 3769 801 3812 to
822 3762 898 3812 break
919 3761 963 3812 the
983 3761 1051 3812 force
1076 3762 1105 3842 oi
1127 3761 1171 3814 the

119 3828 274 3944 iffi}
297 3826 622 3959 ῗῗέἶιῗὲᾞὲἒυὲῗι
672 3826 1172 3959 ffattdttttt'dttt

121 3957 223 4010 ...ut’
671 3956 1172 4026 bemcmiedofftheirlegsbythe

153 4026 291 4076 minoto
300 4023 539 4086 scemenum
671 4030 772 4076 meam.
