2984 4992
303 546 366 627 ηδ
650 554 678 605 C.
705 552 803 605 ww
826 551 1015 605 CAESARIS
1256 552 1372 619 [40.5-

305 720 399 794 bant,
414 718 500 782 inter
514 715 644 799 equites
657 714 780 780 versari
795 734 939 797 suosque
953 712 1123 798 appellare
1144 710 1248 778 iubet.
1296 710 1371 777 His
1384 727 1403 777 6

307 822 447 906 cognitis
478 832 512 886 et
545 818 707 884 Litavicci
742 818 859 883 fraude
896 828 1071 903 perspecta
1100 816 1213 883 Aedui
1244 836 1372 881 manus

308 926 444 991 tendere
464 920 685 1011 [deditionem
704 916 904 1010 significare]
926 930 960 986 et
980 922 1136 1007 proiectis
1155 920 1257 985 armis
1277 941 1372 985 mor·

309 1043 378 1095 tem
394 1028 563 1112 deprecari
578 1028 748 1110 incipiunt
795 1026 984 1093 Litaviccus
999 1046 1076 1091 cum
1090 1026 1159 1089 suis
1177 1024 1373 1099 clientibus,
1390 1039 1406 1091 t

311 1134 433 1217 quibus
447 1151 538 1196 more
551 1131 723 1197 Gallorum
738 1129 831 1195 nefas
845 1139 897 1195 est
909 1130 1010 1195 etiam
1024 1130 1057 1193 in
1068 1140 1221 1195 extrema
1232 1126 1376 1193 fortuna

313 1240 463 1304 deserere
478 1243 647 1319 patronos,
662 1233 863 1317 Gergoviam
879 1234 1037 1319 profugit.

143 1351 238 1403 Atudr
249 1364 282 1398 on
359 1341 482 1407 Caesar
495 1339 617 1405 nuntiis
629 1340 674 1404 ad
693 1338 865 1403 civitatem
882 1337 1080 1404 Aeduorum
1096 1336 1214 1413 missis,
1231 1336 1290 1419 qui
1306 1355 1375 1400 suo
1390 1342 1432 1396 41

146 1418 275 1547 {fflffp
314 1444 479 1511 beneficio
492 1450 704 1509 conservatos
718 1442 885 1519 docerent,
900 1462 984 1525 quos
1003 1442 1074 1506 iure
1088 1439 1166 1507 belii
1182 1440 1376 1505 interficere

146 1545 259 1599 ΟΜ·
317 1548 489 1633 potuisset,
501 1547 674 1628 tribusque
695 1545 786 1611 horis
810 1540 945 1634 [noctis]
969 1546 1128 1611 exercitui
1151 1544 1195 1609 ad
1218 1544 1376 1627 quietem

147 1617 258 1664 Moe'
317 1654 405 1719 datis
427 1661 535 1717 castra
558 1652 601 1716 ad
627 1648 825 1735 Gergoviam
848 1650 963 1715 movit.
1017 1649 1134 1713 Medio
1155 1648 1224 1712 sere
1252 1648 1409 1712 itinere2

318 1757 446 1839 equites
466 1776 487 1819 a
505 1756 611 1820 Fabio
631 1754 732 1833 missi,
747 1763 875 1837 quanto
895 1753 999 1817 resin
1020 1753 1167 1837 periculo
1187 1751 1295 1827 fuerit,
1311 1772 1377 1814 ex-

318 1869 456 1945 ponunt.
499 1858 663 1923 ‘Summis
672 1858 778 1942 copiis
790 1866 900 1923 castra
908 1854 1379 1941 oppugnata’demonstrant,

318 1968 412 2027 ‘curn
428 1962 544 2027 crebro
558 1962 680 2045 integri
695 1960 832 2027 defessis
846 1961 1062 2025 succederent
1077 1972 1276 2043 nostrosque
1291 1961 1378 2025 assi-

319 2069 387 2133 duo
408 2064 522 2130 labore
541 2063 773 2149 defatigarent,
794 2066 914 2149 quibus
941 2076 1079 2149 propter
1105 2065 1378 2149 magnitudinem

319 2178 502 2235 castrorum
516 2177 680 2253 perpetuo
699 2178 787 2233 esset
807 2170 925 2233 iisdem
945 2171 978 2232 in
992 2168 1081 2233 valio
1100 2171 1379 2252 permanendum.

322 2271 540 2339 Multitudine
568 2273 766 2357 sagittarum
796 2282 898 2356 atque
927 2273 1036 2338 omnis
1065 2275 1195 2355 generis
1229 2274 1409 2343 telorums

323 2376 445 2443 multos
474 2376 682 2455 vulneratos3
718 2377 763 2441 ad
793 2376 876 2441 haec
908 2378 1101 2442 sustinenda
1136 2398 1261 2461 magno
1299 2382 1378 2445 usui
1487 2460 1488 2468 ἵ

322 2482 423 2547 fuisse
438 2488 612 2545 tormenta.
659 2480 800 2546 Fabium
813 2481 959 2547 discessu
976 2501 1092 2547 eorum
1107 2482 1238 2546 duabus
1253 2482 1380 2550 relictis
1393 2505 1411 2549 4

324 2585 431 2669 portis
446 2585 620 2651 obstruere
639 2595 766 2650 ceteras
781 2583 979 2668 pluteosque
995 2585 1084 2650 vallo
1099 2587 1224 2651 addere
1239 2598 1275 2651 et
1290 2608 1328 2652 se
1344 2590 1380 2652 in

325 2700 496 2773 posterum
511 2689 601 2753 diem
616 2687 827 2772 similemque
844 2709 957 2753 casum
973 2688 1153 2773 apparare.’
1199 2690 1262 2754 His
1279 2693 1382 2757 rebus
1396 2708 1410 2757 5

326 2792 466 2876 cognitis
482 2790 605 2857 Caesar
619 2812 752 2857 summo
773 2792 884 2857 studio
904 2791 1046 2857 militum
1068 2802 1148 2859 ante
1167 2804 1279 2861 ortum
1298 2798 1383 2862 solis

327 2897 361 2961 in
377 2905 486 2961 castra
499 2896 658 2980 pervenit.

161 3011 288 3065 uuum-k
373 2998 464 3063 Dum
494 2999 576 3064 haec
605 2999 648 3063 ad
680 2998 881 3083 Gergoviam
918 3009 1082 3085 geruntur,
1111 3001 1225 3067 Aedui
1263 3004 1437 3088 primisfl

160 3097 205 3196 {bn}
267 3143 294 3192 ui
330 3102 451 3169 nuntiis
470 3103 514 3167 ab
532 3102 702 3168 Litavicco
719 3104 864 3187 acceptis
884 3105 1012 3169 nullum
1032 3104 1096 3169 sibi
1115 3107 1158 3171 ad
1179 3126 1385 3191 cognoscen-
1429 3186 1432 3193 Ι

163 3209 313 3301 ιμαίωῑὼθ
332 3210 413 3275 dum
437 3208 583 3291 spatium
608 3206 806 3290 relinquunt
853 3207 1001 3293 Impellit
1022 3208 1105 3273 alios
1130 3210 1278 3289 avaritia,
1299 3212 1413 3278 alios²

164 3279 285 3336 nomam,
332 3311 501 3378 iracundia
516 3320 550 3376 et
565 3311 743 3388 temeritas,
753 3332 839 3394 quae
855 3313 1002 3377 maxime
1017 3312 1064 3376 illi
1079 3312 1251 3379 hominum
1267 3318 1387 3401 generi

332 3427 384 3482 est
407 3416 530 3491 innata,
554 3424 593 3479 ut
615 3414 723 3479 levem
746 3414 951 3481 auditionem
976 3416 1124 3481 habeant
1146 3438 1206 3501 pro
1230 3438 1267 3482 re
1291 3440 1388 3485 com-

332 3529 435 3606 perta
480 3518 574 3583 Bona
599 3518 720 3584 civium
746 3518 974 3584 Romanorum
1000 3520 1168 3605 diripiunt,
1192 3524 1315 3589 caedes
1337 3524 1414 3589 sa·³

334 3624 433 3702 ciunt,
443 3624 477 3687 in
488 3622 681 3687 servitutem
692 3622 896 3689 abstrahunt
917 3622 1068 3689 Adiuvat
1081 3645 1150 3689 rem
1163 3626 1388 3709 proclinatam
1401 3644 1412 3686 t
1483 3616 1484 3690 r

336 3726 609 3792 Convictolitavis
618 3726 819 3811 plebemque
827 3727 872 3791 ad
880 3727 1024 3793 furorem
1033 3728 1183 3813 impellit,
1191 3740 1230 3795 ut
1238 3730 1390 3797 facinore

335 3830 482 3894 admisso
496 3830 540 3895 ad
554 3831 731 3896 sanitatem
746 3830 866 3895 reverti
881 3832 1017 3915 pudeat.
1046 3832 1195 3899 Marcum
1212 3834 1412 3915 Aristiumt

338 3983 479 4107 mtffiyn.
495 3996 575 4035 more
594 3986 748 4037 (tullerunt⁴
790 3984 836 4051 Cp.
888 3986 965 4115 ⁵22³.
982 3987 1032 4045 §a
1056 3988 1241 4038 auditionem.
1286 3989 1336 4056 Cp.
1355 3989 1390 4041 ir.
1482 3960 1483 3996 i

418 4082 425 4106 ‚
482 4083 489 4098 .
904 4088 911 4113 ‚
966 4086 973 4101 .
