2984 4992
116 556 195 643 seq
363 576 417 627 os
438 576 562 628 ostro
588 576 759 629 onrrrco.
811 577 884 629 ers.
914 578 939 627 ν
1105 584 1163 646 179

115 739 284 823 legionem,
299 760 400 823 quam
424 742 577 825 proxime
598 751 690 807 trans
710 741 839 807 Padum
861 744 1111 826 conscripserat,
1128 752 1163 807 et

116 842 265 909 cohortes
283 858 308 907 v
324 844 356 908 in
373 844 556 923 Eburones,
577 866 717 928 quorum
740 866 816 929 pars
838 830 984 911 maxin'ra
1005 855 1055 911 est
1077 847 1164 912 inter

116 946 245 1012 Mosam
276 966 316 1013 ac
346 947 512 1023 Rhenum,
541 950 598 1033 qui
630 950 693 1013 sub
725 950 865 1033 imperio
891 950 1098 1035 Ambiorigis
1127 961 1162 1016 et

88 1068 102 1117 5
116 1047 285 1115 Catuvolci
301 1061 404 1129 erant,
420 1052 515 1117 misit.
562 1052 625 1117 His
640 1053 802 1117 militibus
817 1050 978 1137 Quintum
995 1053 1161 1118 Titurium
1317 1138 1324 1148 ‚

116 1153 275 1220 Sabinum
313 1166 346 1220 et
381 1156 522 1222 Lucium
559 1156 823 1221 Aurunculeium
862 1156 997 1223 Cottam
1033 1157 1163 1241 legatos
1261 1196 1272 1207 ·
1342 1169 1347 1180 “
1435 1191 1440 1201 ·

88 1272 262 1341 opraeesse
278 1258 380 1323 iussit.
424 1259 483 1323 Ad
503 1260 592 1324 hunc
614 1262 752 1326 modum
772 1260 957 1327 distributis
976 1261 1161 1343 legionibus

114 1358 291 1427 facillime'
283 1362 413 1447 inopiae
434 1362 670 1428 frumentariae
691 1384 765 1429 sese
785 1363 909 1428 mederi
929 1384 1028 1446 posse
1047 1365 1162 1430 existi·

88 1467 226 1545 qmavit.
271 1466 388 1550 Atque
402 1468 519 1532 harum
537 1475 650 1532 tamen
668 1469 815 1532 omnium
836 1468 1002 1551 legionum
1023 1469 1163 1533 hiberna

114 1582 243 1652 praeter
271 1592 354 1649 eam,
380 1591 481 1653 quam
508 1570 614 1637 Lucio
640 1572 800 1637 Roscio
790 1590 824 1635 ιιι
852 1572 1098 1655 pacatissimam
1127 1584 1163 1639 et
1270 1572 1277 1600 ¹

113 1670 495 1760 quietissimam'partem
504 1674 691 1739 ducendam
703 1675 849 1754 dederat,
858 1675 991 1741 milibus
1004 1696 1162 1759 passuum
1270 1718 1274 1729 -
1336 1723 1340 1734 .

86 1790 246 1845 scentum
279 1772 543 1865 coptinebantur.
590 1766 668 1861 Ipse
704 1780 838 1858 interea,
869 1775 982 1862 quoad
1015 1780 1163 1864 legiones
1241 1781 1244 1791 '

113 1882 291 1949 collocatas
328 1883 520 1965 munitaque
555 1882 694 1949 hiberna
731 1883 950 1967 cognovisset,
981 1884 1015 1948 in
1053 1883 1163 1949 Gallia

114 1987 233 2051 morari
248 1986 477 2051 constituit.

62 2090 100 2146 2⁵
156 2090 265 2155 Erat
256 2110 288 2155 tn
305 2090 507 2156 Carnutibus
521 2112 653 2155 summo
668 2090 743 2156 loco
759 2101 857 2157 natus
872 2092 1058 2175 Tasgetius,
1070 2092 1163 2159 cuius
1174 2100 1318 2151 Ausim-

89 2196 255 2277 amalores
291 2196 325 2257 in
362 2214 423 2259 sua
459 2194 593 2259 civitate
626 2214 765 2279 regnum
799 2190 1023 2262 obtinuerant.
1070 2167 1306 2282 Huicssm‘„

115 2296 238 2364 Caesar
261 2317 321 2382 pro
343 2278 414 2362 eitl's
434 2299 555 2363 virtute
578 2308 679 2381 atque
702 2299 735 2362 in
758 2318 795 2363 se
817 2294 1055 2379 benevolentia,
1069 2300 1240 2413 quodcarn
1172 2232 1306 2361 hupertus

114 2400 146 2464 in
162 2401 317 2469 omnibus
332 2400 427 2467 bellis
445 2400 600 2485 singulari
618 2402 688 2466 eius
709 2411 811 2484 oper'a
830 2402 935 2467 luerat
953 2424 1043 2480 usus,
1057 2404 1160 2468 maio·
1173 2362 1304 2414 &mutes

88 2520 185 2570 stum
223 2505 333 2571 locum
371 2500 568 2571 restituerat.
623 2504 774 2571 Tertium
811 2505 878 2571 iarn
915 2506 1002 2571 hunc
1038 2528 1162 2573 annum

114 2619 309 2696 regnantem
342 2609 475 2690 inimici,
512 2610 614 2675 etiam
652 2608 765 2674 multis
802 2610 914 2697 palam
948 2631 992 2675 ex
1029 2611 1164 2678 civitate
1260 2615 1270 2638 ”
1307 2622 1311 2630 ’

74 2774 77 2783 .
113 2716 313 2791 auctoribus,
343 2709 452 2803 [eum]
486 2712 726 2778 interfecerunt.
774 2702 929 2779 Defertur
962 2734 1002 2779 ea
1036 2736 1088 2780 res
1119 2716 1163 2780 ad
1285 2715 1288 2723 “

86 2816 303 2885 4Caesarem.
351 2818 412 2882 Ille
433 2818 565 2898 veritus,
587 2818 678 2899 quod
700 2819 744 2882 ad
767 2816 877 2900 plures
900 2818 1098 2901 pertinebat,
1120 2837 1312 2887 nerlencusis

72 2975 80 2985 .
113 2923 227 3005 civitas
252 2942 366 2987 eorum
389 2921 532 3039 Q
555 2920 720 2999 deficeret,
742 2921 883 2987 Lucium
904 2921 1063 2987 Plancum
1085 2944 1161 2989 cum
1174 2903 1295 3019 &¹⁰¹⁰
1370 2935 1404 2949 ''

26 3025 41 3097 ,ι’
112 3026 245 3110 legione
267 3048 312 3091 ex
334 3024 451 3110 Belgio
473 3024 652 3091 celeriter'
642 3045 676 3089 m
700 3023 864 3091 Carnutes
885 3026 1047 3109 proficisci
1070 3026 1162 3091 iubet
1175 3041 1286 3096 eounoy.

26 3120 29 3129 ’
113 3129 226 3214 ibique
240 3130 395 3210 hiemare,
410 3149 615 3213 quorumque
632 3148 735 3211 opera
752 3140 953 3212 cognoverat
968 3130 1163 3215 Tasgetium

86 3232 332 3311 sinterfectum,
350 3234 411 3299 hos
434 3234 690 3316 comprehensos
712 3234 757 3298 ad
778 3252 815 3297 se
837 3234 976 3297 mittere.
1023 3234 1162 3318 Interim

113 3338 156 3403 ab
171 3339 328 3403 omnibus
342 3336 461 3421 legatis
476 3338 662 3420 quibusque
677 3336 825 3421 legiones
840 3338 1031 3415 tradiderat,
1042 3340 1163 3403 certior

112 3480 241 3532 Consnlin
249 3492 303 3533 me.
313 3496 352 3545 4²·
382 3480 424 3531 He
433 3480 614 3532 isthePlencns
663 3481 758 3531 distem
769 3480 829 3531 then
841 3478 891 3529 thir
901 3480 966 3531 from
977 3497 1024 3531 oue
1034 3482 1146 3534 another

111 3545 255 3598 oflloreoe
267 3546 396 3661 {Comi
410 3556 432 3611 7,
448 3547 489 3611 19)
508 3546 557 3596 and
571 3547 613 3597 the
696 3549 740 3597 2⁵.
763 3550 822 3608 Μ.
845 3550 964 3597 inimici
1005 3547 1061 3597 The
1088 3548 1162 3600 MSS.

111 3612 216 3663 founder
228 3613 259 3664 oi
288 3628 345 3676 yon.
645 3610 808 3664 Qhereheve
814 3612 1162 3690 inimicieiammultispalem

144 3682 194 3742 57.
209 3680 339 3728 millibus
347 3693 482 3736 nanuum
491 3684 613 3729 eentum.
663 3694 693 3727 ex
716 3677 815 3727 civitate
836 3684 862 3726 et
882 3676 915 3727 iis
941 3678 1084 3730 auctoribus
1103 3696 1162 3731 enm

111 3741 177 3808 Nep.
191 3744 233 3793 111
244 3744 315 3794 takes
331 3743 417 3794 thieto
428 3759 499 3793 menn
511 3744 613 3794 within
663 3740 852 3793 iuterieoermt’

111 3809 223 3859 eradius
240 3810 297 3859 oi
281 3824 327 3858 ιοο
342 3807 430 3859 miles?
465 3810 499 3858 M.
514 3807 612 3873 Desjer-
697 3813 710 3867 5
723 3821 747 3871 5
765 3810 926 3867 quibusque
936 3811 1163 3868 legionenses&

111 3872 167 3923 dine
178 3874 285 3924 thinke'
278 3882 298 3925 rt
312 3875 402 3924 should
416 3874 448 3925 be
463 3874 613 3924 understood
663 3876 753 3924 deret.
786 3872 858 3923 Seea
859 3877 957 3938 4‚;§3
974 3889 1013 3937 53,
1027 3875 1074 3935 to.
1107 3878 1164 3929 The

110 3940 139 3989 oi
153 3940 196 3989 the
212 3940 334 3990 diameter
350 3940 431 3990 rather
447 3941 508 3990 then
525 3940 555 3990 os
571 3940 614 3990 the
663 3938 736 3989 MSS
747 3939 805 3989 here
816 3890 900 3989 hare‘
906 3940 940 3989 eb
951 3942 1064 3991 omnibus
1075 3943 1164 4007 legatis

111 4005 202 4061 redies,
223 4006 300 4056 while
321 4006 436 4071 grundog
460 4006 515 4055 that
542 4022 570 4055 ns
598 4022 613 4055 a
663 4006 893 4092 quaestoribnsqoe,
928 4007 1019 4071 quibus
1053 4008 1165 4073 legiones

110 4078 199 4122 matter
207 4070 296 4122 offset
307 4072 350 4123 the
358 4071 614 4137 cnmpsweteiurther
662 4068 813 4122 trsdideret'

609 4168 672 4221 Na
