2984 4992
94 593 135 640 ra.
149 589 175 656 ι]
331 590 384 642 nn
407 591 530 644 nanno
556 593 722 646 caturco.
775 595 846 647 arn.
871 597 905 649 ιι
1099 585 1141 668 85

68 750 254 835 rlegionern
280 753 444 820 decimam
468 754 611 821 devenit.
655 756 783 822 Milites
806 778 873 822 non
894 757 1046 843 longiore
1067 781 1139 824 ora-

94 855 183 919 tione
200 857 402 935 cohortatus,
414 880 515 942 quarn
530 861 579 924 uti
595 881 675 925 suae
688 861 848 944 pristinae
861 863 995 927 virtutis
1012 884 1139 928 memo·

94 959 174 1024 riam
199 962 381 1028 retinerent
407 983 471 1027 neu
498 965 766 1046 perturbarentur
788 966 902 1030 animo
926 966 1139 1049 hostiumque

67 1063 255 1147 simpetum
280 1065 410 1132 sortiter
434 1069 642 1146 sustinerent,
667 1068 757 1150 quod
782 1089 849 1134 non
873 1068 1004 1153 longius
1027 1071 1141 1136 hostes

93 1168 236 1244 aberant,
262 1189 364 1251 quarn
393 1191 462 1253 qno
491 1172 596 1237 telum
625 1173 717 1256 adigi
747 1182 871 1256 posset,
901 1174 1019 1257 proelii
1049 1194 1143 1238 com-

65 1272 246 1343 amittendi
284 1274 417 1358 signum
454 1276 559 1340 iledit.
606 1275 723 1357 Atque
762 1277 796 1340 in
832 1276 973 1341 alteram
1010 1287 1139 1361 partem

92 1375 169 1439 item
193 1376 392 1442 cohortandi
419 1397 518 1444 causa
544 1379 712 1461 proiectus
737 1381 964 1462 pugnantibus
988 1383 1139 1446 occurrit.

66 1479 266 1561 5Temporis
286 1489 381 1544 tanta
400 1481 463 1546 luit
485 1481 653 1565 exiguitas
676 1481 890 1565 hostiumque
910 1493 981 1548 tarn
1003 1496 1140 1568 paratus

91 1583 131 1646 ad
155 1583 384 1649 dimicandum
409 1585 547 1662 animus,
569 1595 607 1649 nt
632 1605 699 1650 non
725 1588 826 1651 modo
849 1589 892 1651 ad
919 1587 1062 1670 insignia
1085 1609 1140 1653 ac-

90 1688 343 1767 commodanda,
363 1687 421 1752 sed
443 1687 605 1752 etiamad
629 1688 742 1772 galeas
763 1690 948 1754 induendas
970 1692 1140 1774 scutisque

64 1792 273 1874 otegimenta
289 1791 497 1855 detrudendo
515 1801 647 1874 tempus
668 1791 819 1857 deluerit.
866 1793 978 1878 Quam
998 1796 1139 1878 quisque

90 1896 131 1958 ab
150 1915 253 1979 opere
276 1895 310 1957 in
334 1904 462 1979 partem
485 1915 563 1960 casu
585 1897 719 1960 devenit
741 1916 894 1980 quaeque
915 1899 1023 1980 prima
1044 1900 1140 1982 signa

90 1999 275 2084 conspexit,
307 2000 350 2062 ad
385 1997 467 2062 haec
503 2000 665 2077 constitit,
698 2019 740 2064 ne
775 2000 808 2064 in
841 2003 1038 2083 quaerendis
1070 2005 1139 2067 suis

89 2103 261 2186 pugnandi
280 2111 413 2186 ternpus
432 2103 625 2167 dimitteret.

44 2207 80 2262 ²2
133 2209 302 2272 Instructo
325 2206 482 2285 exercitu,
506 2207 612 2290 magis
635 2216 672 2271 ut
693 2206 757 2271 loci
784 2216 902 2272 natura
924 2207 1139 2290 deiectusque

90 2311 180 2376 collis
196 2321 232 2375 et
251 2310 431 2374 necessitas
452 2311 622 2392 temporis,
637 2329 738 2391 quam
761 2321 798 2374 ut
817 2311 862 2374 rei
884 2311 1036 2375 militaris
1051 2313 1137 2376 ratio

89 2423 188 2496 atque
214 2415 299 2480 ordo
325 2412 525 2496 postulabat,
550 2433 637 2492 curn,
663 2414 801 2478 diversis
828 2414 1027 2499 legionibus,
1053 2415 1139 2480 aliae

90 2517 151 2582 alia
174 2519 207 2582 in
231 2526 328 2601 parte
348 2517 501 2581 hostibus
523 2516 722 2596 resisterent,
737 2517 960 2600 saepibusque
980 2519 1139 2582 densissi-

91 2623 159 2698 mis,
191 2632 231 2686 ut
267 2629 346 2684 ante
382 2620 693 2698 demonstravimus,
728 2621 908 2685 interiectis
944 2631 1139 2705 prospectus

91 2725 314 2809 impediretur,
330 2743 438 2805 neque
459 2731 551 2787 certa
572 2723 720 2788 subsidia
742 2724 894 2788 collocari
917 2745 1035 2807 neque,
1056 2725 1137 2807 quid

91 2830 123 2892 in
133 2849 268 2912 quaque
279 2837 373 2912 parte
384 2847 469 2910 opus
480 2836 577 2902 esset,
590 2827 755 2909 provideri
771 2848 879 2911 neque
889 2830 933 2893 ab
948 2848 1016 2892 uno
1027 2831 1139 2894 omnia

66 2934 226 3017 ²imperia
252 2930 475 2997 administrari
501 2939 663 3014 poterant
713 2930 835 3013 ltaque
856 2933 891 2995 in
913 2941 1008 2998 tanta
1028 2953 1138 2999 rerum

90 3037 264 3122 iniquitate
280 3036 431 3098 fortunae
446 3053 580 3117 quoque
594 3045 732 3100 eventus
748 3036 830 3100 varii
846 3038 1078 3120 sequebantur.

120 3237 160 3284 21.
188 3240 244 3296 53.
272 3233 358 3288 adigi.
392 3227 466 3278 MSS.
488 3226 589 3278 ‘adici'
641 3225 738 3286 §fiad
757 3227 817 3289 fin.;
839 3233 1139 3293 37,510‚‘netantanr

90 3299 135 3349 But
147 3300 188 3350 the
198 3297 271 3349 word
286 3297 331 3346 has
345 3295 408 3345 been
422 3293 516 3344 altered
532 3294 590 3344 here
638 3293 764 3344 fortunam
785 3310 815 3344 ea
844 3295 960 3346 manibus
980 3295 1138 3347 dimittant':

90 3359 589 3426 andiniil.13,§8;r4,§4onthe
638 3359 974 3424 vii.5a‚§a:viil.5»ir.

89 3433 229 3495 suggestion
241 3427 271 3478 oi
278 3427 392 3491 Madvig.
670 3428 715 3474 22.
737 3429 751 3484 5
773 3438 796 3475 1.
823 3429 944 3476 diversis
971 3429 1139 3487 legionibus,

123 3503 171 3560 ⁵⁵·
188 3496 324 3552 lmlanla.
349 3493 471 3552 irata.
495 3489 589 3540 Caesar
638 3493 721 3550 alias,
749 3493 803 3552 ao„
825 3491 927 3556 ‘seehg
953 3492 1014 3551 that,
1040 3507 1069 3541 as
1097 3493 1140 3544 the

89 3563 176 3626 speaks
193 3561 222 3612 oi
231 3559 329 3623 ‘fitting
346 3573 379 3607 on
390 3557 432 3607 the
443 3553 588 3605 devices’-
637 3555 735 3620 legions
752 3571 817 3606 were
834 3557 918 3622 facing
935 3557 1047 3607 differem
1064 3573 1139 3623 ways,

89 3633 116 3674 to
136 3627 178 3677 the
207 3625 314 3676 helmets
336 3625 356 3672 it
376 3621 461 3672 would
483 3636 583 3686 appear.
610 3619 612 3624 '
637 3636 707 3670 some
726 3635 790 3671 were
806 3622 920 3686 resisting
935 3622 978 3672 the
993 3622 1035 3672 foe
1051 3622 1077 3672 in
1092 3639 1141 3674 oue

89 3689 203 3758 Vegetins
214 3691 273 3742 tells
288 3689 382 3740 nsthat
391 3689 432 3738 the
447 3686 551 3738 soldiers
561 3686 592 3736 oi
709 3685 758 3736 and
785 3702 855 3736 some
879 3687 906 3735 in
931 3686 1052 3738 another?
1091 3689 1140 3740 We

88 3759 146 3807 esch
162 3759 252 3808 cobort
267 3755 318 3806 had
332 3771 347 3804 a
360 3754 498 3804 distinctiva
515 3751 588 3801 mark
670 3767 699 3802 ve
718 3751 777 3801 bere
792 3767 824 3801 an
840 3751 890 3801 abl.
907 3753 960 3803 aba
977 3753 1017 3804 rei
1053 3754 1059 3768 ’
1111 3761 1139 3805 to

89 3825 186 3885 painted
209 3838 226 3872 n
300 3820 364 3870 their
384 3818 483 3874 ahields.
504 3817 585 3868 which
637 3815 680 3866 the
699 3815 794 3879 subject
809 3815 838 3866 oi
852 3817 894 3868 the
916 3769 1139 3879 reatuum

1056 3836 1081 3870 a·

88 3886 145 3953 they
154 3889 203 3939 call
248 3889 273 3937 ln
284 3887 323 3937 his
332 3887 394 3936 time
407 3881 549 3948 ‘dignata'
636 3882 679 3932 the
701 3897 769 3932 same
795 3898 864 3933 sense
883 3884 960 3933 could
986 3885 1050 3936 hare
1076 3888 1138 3936 been

121 3954 175 4013 56.
193 3957 358 4013 dimitteret,
381 3950 477 4000 ‘throw
499 3945 587 4012 away?
637 3948 768 4012 expressed
795 3949 830 4012 by
849 3948 892 3998 the
918 3965 988 4000 nom.
1021 3950 1139 4004 Kraner’a

89 4020 141 4069 The
157 4020 227 4070 word
246 4018 292 4068 has
311 4017 354 4068 the
374 4031 445 4066 sense
462 4015 491 4064 oi
503 4015 588 4077 losing
638 4021 689 4064 text
700 4014 745 4062 has
758 4013 1017 4082 ‘diremeleglm'

88 4087 192 4150 through
207 4086 274 4135 one's
290 4099 346 4134 own
361 4089 409 4132 aet
442 4081 491 4146 Cp.
501 4081 534 4130 vl.
549 4093 587 4140 ra,
671 4087 747 4129 anta.
768 4081 870 4146 1754.
