2984 4992
331 564 390 629 150
675 557 703 610 C.
729 558 827 610 IULII
849 557 1036 611 CAESARIS
1276 557 1339 623 [Μ.
1352 569 1386 606 1-

161 737 296 788 κει-,ωεστ
374 720 504 804 Quibus
531 720 629 784 rebus
659 721 863 803 perturbatis
892 719 1013 785 nostris
1042 719 1206 802 [novitate
1233 713 1383 805 pugnae]
1396 733 1436 787 84

160 803 203 852 “¹⁸
215 803 306 866 ΨΜ·
329 834 480 907 ternpore
495 825 778 907 opportunissimo
797 823 921 889 Caesar
940 824 1102 888 auxilium
1117 824 1213 889 tulit:
1236 843 1385 906 namque

329 929 399 993 eius
422 930 568 994 adventu
592 927 706 992 hostes
732 929 961 1005 constiterunt,
984 929 1090 993 nostri
1119 949 1156 993 se
1185 949 1229 992 ex
1261 929 1385 992 timore

329 1043 532 1115 receperunt.
577 1031 655 1115 Quo
679 1031 768 1097 facto
790 1032 835 1096 ad
857 1031 1086 1097 lacessendum
1110 1044 1145 1098 et
1166 1033 1210 1098 ad
1229 1033 1411 1097 commit-2

328 1137 468 1202 tendum
484 1137 646 1220 proelium
665 1136 810 1202 alienum
826 1156 899 1201 esse
917 1146 1049 1220 tempus
1066 1136 1247 1202 arbitratus
1263 1158 1328 1201 suo
1348 1157 1385 1200 se

329 1241 405 1306 loco
430 1241 596 1306 continuit
626 1251 661 1306 et
690 1241 782 1306 brevi
808 1251 962 1324 tempore
991 1241 1179 1306 intermisso
1209 1241 1242 1305 in
1272 1252 1386 1305 castra

329 1345 476 1428 legiones
494 1346 637 1411 reduxit
683 1346 776 1410 Dum
794 1345 877 1410 haec
899 1356 1069 1431 geruntur,
1083 1346 1205 1411 nostris
1226 1345 1411 1412 omnibuss

328 1449 507 1532 occupatis,
517 1449 575 1532 qui
587 1458 681 1514 erant
692 1450 964 1533 inagrisreliqui,
976 1451 1207 1515 discesserunt.
1239 1449 1412 1515 Secutae4

329 1562 406 1617 sunt
442 1555 617 1618 continuos
655 1554 843 1637 complures
872 1555 942 1619 dies
971 1563 1199 1636 tempestates,
1230 1575 1318 1636 quae
1350 1565 1384 1617 et

330 1665 459 1722 nostros
483 1657 517 1720 in
539 1658 656 1722 castris
678 1658 886 1722 continerent
909 1669 944 1723 et
965 1657 1098 1722 hostem
1120 1679 1142 1721 a
1164 1677 1278 1740 pugna
1304 1678 1382 1742 pro-

160 1772 296 1822 Anauack
329 1761 490 1825 hiberent.
537 1761 675 1825 Interim
712 1761 844 1826 barbari
876 1762 1012 1826 nuntios
1047 1763 1081 1825 in
1119 1781 1235 1827 omnes
1270 1773 1410 1846 partees

160 1855 193 1886 ⁰¹¹
205 1837 247 1887 the
330 1865 525 1929 dimiserunt
544 1866 814 1948 paucitatemque
832 1876 1021 1932 nostrorum
1037 1867 1182 1931 militum
1201 1866 1269 1930 suis
1289 1887 1384 1950 prae·

159 1919 268 2032 ffied
330 1969 521 2033 dicaverunt
543 1978 587 2048 et,
608 1978 734 2053 quanta
762 1971 907 2052 praedae
933 1969 1105 2036 faciendae
1128 1980 1230 2053 atque
1253 1971 1287 2033 in
1311 1991 1384 2053 per·

159 2033 256 2162 {lig
330 2082 468 2156 petuum
485 2073 535 2136 sui
552 2073 712 2138 liberandi
728 2071 869 2138 facultas
882 2075 1028 2153 daretur,
1039 2075 1067 2137 si
1085 2074 1255 2138 Romanos
1266 2075 1384 2138 castris

330 2176 543 2260 expulissent,
555 2178 876 2243 demonstraverunt.
904 2178 969 2242 His
984 2179 1082 2243 rebus
1096 2177 1245 2242 celeriter
1259 2197 1384 2260 magna

329 2280 544 2346 multitudine
577 2282 746 2365 peditatus
782 2282 1019 2366 equitatusque
1055 2291 1173 2346 coacta
1202 2282 1245 2346 ad
1275 2293 1384 2348 castra

327 2394 494 2450 venerunt.
1485 2464 1486 2481 χ

373 2489 505 2565 Caesar,
525 2489 587 2554 etsi
602 2489 701 2568 idem,
720 2489 812 2572 quod
835 2490 1060 2574 superioribus
1074 2490 1192 2554 diebus
1206 2491 1429 2566 accidentes

328 2592 400 2657 fore
421 2593 567 2672 videbat,
591 2603 637 2666 ut,
663 2593 690 2656 si
713 2605 823 2658 essent
844 2595 958 2660 hostes
979 2593 1076 2678 pulsi,
1099 2594 1268 2657 celeritate
1296 2594 1381 2678 perir

329 2695 441 2760 culum
471 2697 664 2780 effugerent,
687 2705 801 2762 tamen
830 2708 948 2763 nactus
972 2697 1102 2780 equites
1133 2698 1263 2762 circiter
1293 2711 1383 2776 xxx,

329 2820 414 2882 quos
430 2798 603 2864 Commius
626 2799 782 2878 Atrebas,
797 2801 840 2866 de
862 2821 931 2884 quo
953 2800 1172 2865 antedictum
1195 2810 1255 2879 est,
1269 2821 1382 2866 secum

328 2912 619 2987 transportaverat,
647 2904 797 2989 legiones
823 2905 856 2968 in
880 2906 952 2969 acie
973 2925 1034 2988 pro
1058 2905 1172 2969 castris
1199 2906 1382 2971 constituit.

331 3005 520 3072 Commisso
543 3007 670 3091 proelio
692 3009 818 3073 diutius
841 3019 1028 3073 nostrorum
1052 3008 1195 3073 militum
1220 3010 1405 3092 impetum2

328 3111 441 3174 hostes
472 3108 556 3173 ferre
580 3131 647 3176 non
671 3119 851 3196 potuerunt
876 3131 917 3177 ac
939 3122 1035 3195 terga
1063 3121 1243 3176 verterunt
1289 3113 1406 3196 Quoss
1485 3188 1486 3201 χ

329 3223 425 3280 tanto
449 3215 559 3298 spatio
585 3217 698 3292 secuti,
724 3225 886 3298 quantum
915 3215 1011 3280 cu'rsu
1039 3224 1074 3279 et
1098 3215 1225 3280 viribus
1254 3215 1382 3282 efficere
1485 3214 1486 3301 l

330 3329 518 3402 potuerrmt,
533 3318 720 3401 complures
742 3339 787 3382 ex
810 3319 850 3382 iis
872 3319 1071 3395 occiderunt,
1086 3319 1208 3384 deinde
1228 3321 1381 3386 omnibus

330 3424 429 3508 longe
446 3423 578 3506 lateque
592 3423 751 3488 aedificiis
767 3423 906 3488 incensis
921 3443 957 3486 se
972 3424 1005 3487 in
1020 3435 1127 3488 castra
1142 3436 1347 3506 receperunt

377 3527 506 3592 Eodem
528 3527 584 3591 die
603 3527 705 3612 legati
725 3529 770 3591 ab
792 3527 945 3592 hostibus
963 3527 1054 3591 missi
1075 3528 1118 3590 ad
1143 3525 1324 3592 Caesarem
1342 3530 1382 3593 de
1397 3535 1432 3590 8⁰
1472 3565 1476 3573 -

331 3651 414 3715 pace
436 3641 606 3696 venerunt.
654 3631 718 3696 His
744 3630 868 3697 Caesar
893 3651 1067 3696 numerum
1093 3631 1260 3710 obsidum,
1282 3651 1404 3715 quema

364 3855 409 3901 34.
423 3856 436 3911 fl
450 3867 472 3916 3.
490 3856 540 3912 qul
555 3857 683 3904 mantin
699 3856 776 3913 sart·
789 3869 831 3902 re-
882 3852 918 3903 iii.
932 3867 970 3918 19,
985 3857 997 3912 5
1011 3851 1193 3916 3‘acstathn'
1485 3886 1486 3923 ,

328 3921 409 3976 liqui.
450 3919 497 3968 See
526 3932 566 3981 32,
593 3922 605 3977 5
637 3932 647 3968 1
680 3923 752 3968 ‘cum
775 3934 832 3984 pars
918 3924 967 3981 53.
984 3925 1066 3968 tanto
1083 3925 1183 3979 spatio,
1201 3920 1251 3972 abl
1268 3921 1298 3971 of
1311 3933 1380 3987 space
1485 3926 1486 3977 j

330 3983 571 4047 hominuminagris
583 3983 733 4035 remaneret!
883 3985 970 4037 within
981 3985 1071 4035 which.

363 4053 406 4100 ³5.
433 4053 445 4109 ς
471 4064 491 4100 a.
519 4065 551 4100 so
574 4057 652 4109 terta
674 4055 831 4101 verterunt
