2984 4992
321 564 381 629 130
671 558 702 611 c.
726 557 823 609 ιυιιι
845 555 1032 610 chasalus
1131 518 1267 618 ,.,,Ψ”··
1290 551 1373 618 [ιι-

152 734 257 787 mooeed
267 734 295 785 in
323 721 558 801 sustinuerunt,
572 723 616 787 ad
632 730 820 789 extremum
836 732 949 787 tamen
961 721 1049 805 agris
1065 718 1198 803 expulsi
1214 728 1249 782 et
1261 716 1371 781 multis

154 800 290 917 m
323 825 405 891 locis
434 824 634 893 Germaniae
665 828 844 893 triennium
881 825 993 909 vagati
1031 825 1074 889 ad
1113 822 1270 888 Rhenum
1301 841 1371 905 per·

155 930 303 995 bysurpne
323 939 490 995 venerunt
534 930 630 1015 Quas
665 932 817 1014 regiones
855 930 1003 1013 Menapii
1033 928 1224 997 incolebant
1260 934 1296 991 et
1331 926 1398 991 ad²

155 1060 274 1127 Menapis
325 1044 500 1118 utramque
517 1034 624 1119 ripam
639 1034 785 1117 fluminis
800 1054 907 1118 agros,
923 1032 1078 1099 aedificia
1099 1033 1256 1121 vicosque
1270 1034 1373 1097 habe·
1483 1100 1484 1103 ,

324 1138 415 1215 bant,
443 1140 503 1203 sed
532 1148 646 1205 mutae
675 1139 900 1205 multitudiuis
932 1138 1027 1203 aditu
1058 1136 1220 1220 perterriti
1255 1157 1302 1200 ex
1336 1137 1400 1199 iiss
1483 1208 1484 1213 4

324 1242 490 1319 aedificiis,
515 1262 600 1326 quae
623 1250 713 1308 trans
739 1242 863 1307 flumen
887 1241 1082 1320 habuerant,
1108 1241 1374 1323 demigraverunt
1483 1230 1484 1281 l

324 1357 360 1412 et
382 1347 430 1435 cis
456 1346 613 1411 Rhenum
638 1346 805 1429 dispositis
831 1346 1004 1428 praesidiis
1028 1346 1215 1411 Germanos
1238 1346 1375 1410 transire

325 1450 555 1535 prohibebant.
600 1449 654 1514 Illi
683 1450 796 1514 omnia
823 1450 965 1534 experti,
990 1470 1066 1515 cum
1096 1470 1205 1533 neque
1234 1450 1268 1513 vi
1297 1460 1403 1514 con-4
1483 1450 1484 1475 ³

325 1555 462 1645 tegrdere
484 1563 622 1639 propter
650 1554 799 1639 inopiam
826 1554 959 1619 navium
990 1572 1097 1637 neque
1123 1552 1211 1619 clam
1237 1542 1377 1619 transire

328 1668 464 1743 propter
478 1658 648 1723 custodias
663 1656 896 1740 Menapiorum
910 1667 1056 1741 possent,
1073 1658 1189 1723 reverti
1201 1678 1238 1723 se
1254 1658 1289 1721 in
1301 1678 1377 1721 suas
1390 1670 1404 1719 ⁵

328 1763 423 1826 sedes
444 1761 659 1845 regionesque
680 1760 917 1826 simulaverunt
936 1771 970 1825 et
987 1760 1088 1825 tridui
1105 1761 1194 1825 viam
1211 1762 1379 1846 progressi
1483 1796 1484 1807 ι

326 1884 438 1929 rursus
467 1874 670 1929 reverterunt
699 1878 802 1949 atque
830 1865 922 1929 omni
956 1866 1018 1929 hoc
1048 1864 1164 1929 itinere
1190 1884 1257 1928 una
1282 1873 1379 1929 nocte

329 1969 480 2051 equitatu
501 1966 654 2034 confecto
676 1968 796 2034 inscios
820 1969 1097 2052 inopinantesque
1118 1968 1302 2049 Menapios
1320 1988 1380 2051 op-

328 2080 527 2159 presserunt,
539 2073 652 2156 quide
667 2071 909 2138 Germanorum
921 2073 1067 2138 discessu
1080 2092 1139 2157 per
1152 2065 1381 2156 exploratores
1392 2073 1406 2122 ⁶

329 2166 588 2243 certiorea‘facti
611 2177 684 2242 sine
710 2187 802 2243 metu
828 2186 920 2242 trans
947 2177 1103 2241 Rhenum
1130 2176 1164 2240 in
1187 2196 1267 2243 suos
1289 2176 1380 2240 vicos

330 2283 599 2367 remigraverant.
647 2280 712 2345 His
731 2280 912 2347 interfectis
931 2283 1136 2365 navibusque
1151 2302 1267 2346 eorum
1282 2286 1406 2347 occu-⁷
1483 2280 1484 2331 l

330 2388 427 2471 patis,
464 2385 657 2469 priusquam
695 2404 735 2449 ea
775 2406 851 2469 pars
889 2385 1135 2468 Menapiorum,
1171 2405 1257 2468 quae
1298 2385 1382 2449 citra

331 2492 488 2556 Rhenum
518 2500 599 2570 erat,
621 2489 743 2554 certior
765 2488 867 2565 fieret,
892 2488 1016 2555 iiurnen
1046 2490 1249 2554 transierunt
1280 2498 1384 2571 atque

331 2595 486 2661 omnibus
515 2614 630 2659 eorurn
662 2594 824 2658 aedificiis
853 2594 1023 2677 occupatis
1058 2592 1219 2678 reliquam
1251 2603 1382 2678 partem

332 2700 454 2764 hiemis
474 2718 511 2763 se
532 2718 647 2764 eorum
671 2697 778 2781 copiis
800 2698 961 2763 aluerunt.

164 2814 325 2881 Liebilityof
378 2803 443 2866 His
467 2803 510 2867 de
539 2806 636 2869 rebus
667 2802 791 2867 Caesar
819 2802 939 2867 certior
964 2802 1069 2866 lactus
1092 2810 1127 2867 et
1157 2800 1416 2867 infirmitatemb
1483 2810 1484 2847 ³

165 2882 300 3000 {h‘bffffl
335 2900 508 2967 Gallorum
545 2903 678 2989 yeritus,
714 2904 807 2987 quod
849 2912 926 2966 sunt
964 2902 996 2966 in
1029 2901 1175 2967 consiliis
1212 2901 1384 2986 capiendis
1483 2864 1484 2955 l

164 3014 309 3079 myedby
337 3004 477 3069 mobiles
505 3015 540 3069 et
569 3005 665 3070 novis
695 3006 892 3097 plerumque
917 3005 1015 3069 rebus
1044 3005 1188 3079 student,
1220 3004 1303 3069 nihil
1333 3004 1385 3069 his

164 3096 275 3131 rumoni
335 3109 612 3175 committendum
648 3109 863 3174 existimavit.
909 3108 972 3173 Est
1009 3109 1097 3172 enim
1134 3109 1197 3173 hoc
1236 3108 1411 3174 Gallicae²

335 3211 593 3289 consuetudinis,
616 3213 665 3277 uti
689 3221 724 3276 et
756 3212 901 3277 viatores
925 3212 1028 3277 etiam
1057 3212 1178 3277 invitos
1204 3213 1385 3279 consistere
1483 3220 1484 3299 3

334 3325 468 3401 cogant,
492 3326 525 3380 et
550 3290 633 3419 qpid
658 3316 799 3400 quisque
821 3336 934 3381 eorum
956 3317 999 3382 de
1021 3335 1155 3399 quaque
1178 3337 1214 3380 rc
1242 3318 1386 3382 audierit
1483 3300 1484 3317 ²

336 3430 395 3489 aut
409 3420 611 3504 cognoverit,
622 3428 792 3505 quaerant,
803 3430 838 3485 et
853 3430 1052 3485 mercatores
1068 3420 1102 3485 in
1116 3420 1249 3505 oppidis
1264 3420 1385 3505 vulgus

336 3665 413 3776 ‘ibis⁴
414 3663 837 3789 verrhvisriieemidmrdfneh
886 3661 935 3788 Cp⁵
947 3656 1185 3787 μοὲῗᾜὶῗξιιιι
1195 3658 1387 3789 oefthlirzugdir

337 3791 442 3840 unusual
461 3791 529 3853 kind,
543 3790 585 3841 the
604 3790 697 3868 perfect
713 3789 776 3839 with
795 3788 837 3839 the
887 3788 1128 3839 circumdedereut’:
1154 3789 1187 3840 iv
1212 3804 1250 3849 11,
1277 3794 1348 3852 §4⁴
1355 3791 1386 3839 iis

337 3864 418 3905 tenses
433 3856 528 3905 formed
545 3856 634 3905 hom
626 3865 647 3905 rt
663 3856 740 3919 being
758 3854 838 3905 active
887 3853 1060 3919 legionibus':
1076 3854 1132 3913 i.8,
1144 3858 1204 3913 μ’
1212 3872 1242 3905 ea
1258 3854 1384 3939 legione:

338 3918 442 3969 inform
458 3920 509 3969 end
525 3920 568 3971 the
584 3929 633 3971 rest
650 3921 756 3986 passive.
789 3920 837 3985 Cp.
887 3920 920 3969 vl.
940 3920 963 3977 8,
987 3922 1000 3978 l
1023 3928 1037 3984 7
1057 3888 1184 3985 ‘equitatu
1202 3918 1384 3971 consectetus’:

338 3986 381 4063 vii.
338 3998 426 4101 ῐιςςο4,
419 3990 515 4051 ,w
523 3996 722 4037 revertuntur..
738 4000 838 4036 .·rever
888 3984 993 4101 a&
980 3990 1061 4049 ,57
1070 3986 1290 4037 excubitoribus..
1304 3994 1386 4038 .·teue
