<?xml version="1.0" encoding="UTF-8"?>
<!DOCTYPE html PUBLIC "-//W3C//DTD XHTML 1.0 Transitional//EN"
    "http://www.w3.org/TR/xhtml1/DTD/xhtml1-transitional.dtd">
<html xmlns="http://www.w3.org/1999/xhtml" xml:lang="en" lang="en">
 <head>
  <title>
</title>
<meta http-equiv="Content-Type" content="text/html;charset=utf-8" />
  <meta name='ocr-system' content='tesseract 3.04.00' />
  <meta name='ocr-capabilities' content='ocr_page ocr_carea ocr_par ocr_line ocrx_word'/>
</head>
<body>
  <div class='ocr_page' id='page_1' title='image "./debellogallicob01stocgoog_0566.png"; bbox 0 0 2984 4992; ppageno 0'>
   <div class='ocr_carea' id='block_1_1' title="bbox 320 502 1378 570">
    <p class='ocr_par' dir='ltr' id='par_1_1' title="bbox 320 502 1378 570">
     <span class='ocr_line' id='line_1_1' title="bbox 320 502 1378 570; baseline -0.004 -12"><span class='ocrx_word' id='word_1_1' title='bbox 320 505 382 570; x_wconf 70' lang='lat'><strong>302</strong></span> <span class='ocrx_word' id='word_1_2' title='bbox 669 503 697 558; x_wconf 82' lang='lat' dir='ltr'><strong>C.</strong></span> <span class='ocrx_word' id='word_1_3' title='bbox 723 503 821 557; x_wconf 75' lang='lat' dir='ltr'><strong>ww</strong></span> <span class='ocrx_word' id='word_1_4' title='bbox 843 502 1030 560; x_wconf 66' lang='lat' dir='ltr'><strong>CAESARIS</strong></span> <span class='ocrx_word' id='word_1_5' title='bbox 1269 503 1331 570; x_wconf 74' lang='lat'><strong>[¹10.</strong></span> <span class='ocrx_word' id='word_1_6' title='bbox 1342 516 1378 568; x_wconf 73' lang='lat'><strong>5-</strong></span> 
     </span>
    </p>
   </div>
   <div class='ocr_carea' id='block_1_2' title="bbox 151 669 1401 862">
    <p class='ocr_par' dir='ltr' id='par_1_2' title="bbox 151 669 1401 862">
     <span class='ocr_line' id='line_1_2' title="bbox 151 669 1401 758; baseline -0.01 -15"><span class='ocrx_word' id='word_1_7' title='bbox 151 671 303 726; x_wconf 67' lang='lat' dir='ltr'><strong>emnem</strong></span> <span class='ocrx_word' id='word_1_8' title='bbox 322 675 356 737; x_wconf 76' lang='lat' dir='ltr'><strong>et</strong></span> <span class='ocrx_word' id='word_1_9' title='bbox 378 669 518 740; x_wconf 80' lang='lat' dir='ltr'><strong>fiduciae</strong></span> <span class='ocrx_word' id='word_1_10' title='bbox 538 673 629 758; x_wconf 73' lang='lat' dir='ltr'><strong>pkni</strong></span> <span class='ocrx_word' id='word_1_11' title='bbox 650 675 695 741; x_wconf 88' lang='lat' dir='ltr'><strong>ad</strong></span> <span class='ocrx_word' id='word_1_12' title='bbox 716 672 868 739; x_wconf 78' lang='lat' dir='ltr'>Alesiam</span> <span class='ocrx_word' id='word_1_13' title='bbox 889 669 1147 756; x_wconf 82' lang='lat' dir='ltr'><strong>proficiscuntur,</strong></span> <span class='ocrx_word' id='word_1_14' title='bbox 1169 686 1280 752; x_wconf 90' lang='lat' dir='ltr'><strong>neque</strong></span> <span class='ocrx_word' id='word_1_15' title='bbox 1302 671 1401 732; x_wconf 74' lang='lat' dir='ltr'><strong>eratt</strong></span> 
     </span>
     <span class='ocr_line' id='line_1_3' title="bbox 152 739 1374 862; baseline -0.006 -16"><span class='ocrx_word' id='word_1_16' title='bbox 152 739 240 855; x_wconf 44' lang='grc' dir='ltr'><strong>ἔξιθι</strong></span> <span class='ocrx_word' id='word_1_17' title='bbox 321 777 471 844; x_wconf 86' lang='lat' dir='ltr'><strong>omnium</strong></span> <span class='ocrx_word' id='word_1_18' title='bbox 491 778 677 862; x_wconf 85' lang='lat' dir='ltr'><strong>quisquam,</strong></span> <span class='ocrx_word' id='word_1_19' title='bbox 691 778 749 862; x_wconf 90' lang='lat' dir='ltr'><strong>qui</strong></span> <span class='ocrx_word' id='word_1_20' title='bbox 771 787 942 862; x_wconf 84' lang='lat' dir='ltr'><strong>aspectum</strong></span> <span class='ocrx_word' id='word_1_21' title='bbox 961 777 1064 843; x_wconf 86' lang='lat' dir='ltr'><strong>modo</strong></span> <span class='ocrx_word' id='word_1_22' title='bbox 1084 785 1200 842; x_wconf 83' lang='lat' dir='ltr'><strong>tantae</strong></span> <span class='ocrx_word' id='word_1_23' title='bbox 1222 775 1374 840; x_wconf 89' lang='lat' dir='ltr'><strong>multitu-</strong></span> 
     </span>
    </p>
   </div>
   <div class='ocr_carea' id='block_1_3' title="bbox 152 881 1421 1277">
    <p class='ocr_par' dir='ltr' id='par_1_3' title="bbox 318 881 1374 1175">
     <span class='ocr_line' id='line_1_4' title="bbox 320 881 1374 967; baseline 0 -20"><span class='ocrx_word' id='word_1_24' title='bbox 320 881 410 948; x_wconf 82' lang='lat' dir='ltr'><strong>diuis</strong></span> <span class='ocrx_word' id='word_1_25' title='bbox 435 882 587 948; x_wconf 83' lang='lat' dir='ltr'><strong>sustineri</strong></span> <span class='ocrx_word' id='word_1_26' title='bbox 623 903 722 967; x_wconf 84' lang='lat' dir='ltr'><strong>posse</strong></span> <span class='ocrx_word' id='word_1_27' title='bbox 754 881 974 959; x_wconf 81' lang='lat' dir='ltr'><strong>arbitraretur,</strong></span> <span class='ocrx_word' id='word_1_28' title='bbox 1002 881 1197 965; x_wconf 77' lang='lat' dir='ltr'><strong>praesertim</strong></span> <span class='ocrx_word' id='word_1_29' title='bbox 1233 881 1374 966; x_wconf 83' lang='lat' dir='ltr'><strong>ancipili</strong></span> 
     </span>
     <span class='ocr_line' id='line_1_5' title="bbox 318 985 1373 1071; baseline 0 -19"><span class='ocrx_word' id='word_1_30' title='bbox 318 985 458 1071; x_wconf 85' lang='lat' dir='ltr'><strong>proelio,</strong></span> <span class='ocrx_word' id='word_1_31' title='bbox 465 1006 541 1051; x_wconf 89' lang='lat' dir='ltr'><strong>cum</strong></span> <span class='ocrx_word' id='word_1_32' title='bbox 553 1007 599 1052; x_wconf 87' lang='lat' dir='ltr'><strong>ex</strong></span> <span class='ocrx_word' id='word_1_33' title='bbox 610 987 736 1070; x_wconf 91' lang='lat' dir='ltr'><strong>oppido</strong></span> <span class='ocrx_word' id='word_1_34' title='bbox 750 987 926 1070; x_wconf 83' lang='lat' dir='ltr'><strong>eruptione</strong></span> <span class='ocrx_word' id='word_1_35' title='bbox 936 996 1148 1070; x_wconf 83' lang='lat' dir='ltr'><strong>pugnaretur,</strong></span> <span class='ocrx_word' id='word_1_36' title='bbox 1159 985 1244 1050; x_wconf 88' lang='lat' dir='ltr'><strong>foris</strong></span> <span class='ocrx_word' id='word_1_37' title='bbox 1255 995 1373 1052; x_wconf 82' lang='lat' dir='ltr'><strong>tantae</strong></span> 
     </span>
     <span class='ocr_line' id='line_1_6' title="bbox 319 1089 1096 1175; baseline -0.003 -19"><span class='ocrx_word' id='word_1_38' title='bbox 319 1090 437 1174; x_wconf 88' lang='lat' dir='ltr'><strong>copiae</strong></span> <span class='ocrx_word' id='word_1_39' title='bbox 449 1091 618 1174; x_wconf 77' lang='lat' dir='ltr'><strong>equitatus</strong></span> <span class='ocrx_word' id='word_1_40' title='bbox 631 1089 864 1175; x_wconf 80' lang='lat' dir='ltr'><strong>peditatusque</strong></span> <span class='ocrx_word' id='word_1_41' title='bbox 878 1099 1096 1155; x_wconf 74' lang='lat' dir='ltr'><strong>cernerentur.</strong></span> 
     </span>
    </p>

    <p class='ocr_par' dir='ltr' id='par_1_4' title="bbox 152 1189 1421 1277">
     <span class='ocr_line' id='line_1_7' title="bbox 152 1189 1421 1277; baseline -0.003 -16"><span class='ocrx_word' id='word_1_42' title='bbox 152 1189 258 1242; x_wconf 68' lang='lat' dir='ltr'><strong>eoram</strong></span> <span class='ocrx_word' id='word_1_43' title='bbox 363 1193 416 1260; x_wconf 86' lang='lat' dir='ltr'><strong>At</strong></span> <span class='ocrx_word' id='word_1_44' title='bbox 441 1193 473 1271; x_wconf 92' lang='lat' dir='ltr'><strong>ii,</strong></span> <span class='ocrx_word' id='word_1_45' title='bbox 495 1193 553 1276; x_wconf 92' lang='lat' dir='ltr'><strong>qui</strong></span> <span class='ocrx_word' id='word_1_46' title='bbox 575 1193 712 1260; x_wconf 81' lang='lat' dir='ltr'><strong>Alesiae</strong></span> <span class='ocrx_word' id='word_1_47' title='bbox 736 1194 985 1270; x_wconf 87' lang='lat' dir='ltr'><strong>obsidebantur,</strong></span> <span class='ocrx_word' id='word_1_48' title='bbox 1011 1193 1189 1276; x_wconf 85' lang='lat' dir='ltr'><strong>praeterita</strong></span> <span class='ocrx_word' id='word_1_49' title='bbox 1212 1193 1280 1270; x_wconf 91' lang='lat' dir='ltr'><strong>die,</strong></span> <span class='ocrx_word' id='word_1_50' title='bbox 1305 1214 1373 1277; x_wconf 77' lang='lat' dir='ltr'><strong>qua</strong></span> <span class='ocrx_word' id='word_1_51' title='bbox 1386 1193 1421 1248; x_wconf 79' lang='lat'><strong>⁷⁷</strong></span> 
     </span>
    </p>
   </div>
   <div class='ocr_carea' id='block_1_4' title="bbox 151 1253 1372 1387">
    <p class='ocr_par' dir='ltr' id='par_1_5' title="bbox 151 1253 1372 1387">
     <span class='ocr_line' id='line_1_8' title="bbox 151 1253 1372 1387; baseline -0.009 -17"><span class='ocrx_word' id='word_1_52' title='bbox 151 1253 297 1387; x_wconf 29' lang='lat' dir='ltr'><strong>Q&amp;</strong></span> <span class='ocrx_word' id='word_1_53' title='bbox 319 1296 447 1364; x_wconf 83' lang='lat' dir='ltr'><strong>auxilia</strong></span> <span class='ocrx_word' id='word_1_54' title='bbox 474 1317 608 1362; x_wconf 89' lang='lat' dir='ltr'><strong>suorum</strong></span> <span class='ocrx_word' id='word_1_55' title='bbox 638 1305 921 1380; x_wconf 83' lang='lat' dir='ltr'><strong>exspectaverant,</strong></span> <span class='ocrx_word' id='word_1_56' title='bbox 950 1308 1148 1383; x_wconf 90' lang='lat' dir='ltr'><strong>consumpto</strong></span> <span class='ocrx_word' id='word_1_57' title='bbox 1173 1299 1266 1362; x_wconf 89' lang='lat' dir='ltr'><strong>omni</strong></span> <span class='ocrx_word' id='word_1_58' title='bbox 1304 1297 1372 1362; x_wconf 86' lang='lat' dir='ltr'><strong>iru-</strong></span> 
     </span>
    </p>
   </div>
   <div class='ocr_carea' id='block_1_5' title="bbox 150 1398 1485 3767">
    <p class='ocr_par' dir='ltr' id='par_1_6' title="bbox 150 1398 1485 3767">
     <span class='ocr_line' id='line_1_9' title="bbox 320 1398 1372 1484; baseline -0.002 -16"><span class='ocrx_word' id='word_1_59' title='bbox 320 1411 435 1468; x_wconf 82' lang='lat' dir='ltr'><strong>mento</strong></span> <span class='ocrx_word' id='word_1_60' title='bbox 455 1400 557 1474; x_wconf 87' lang='lat' dir='ltr'><strong>inscii,</strong></span> <span class='ocrx_word' id='word_1_61' title='bbox 581 1400 660 1484; x_wconf 92' lang='lat' dir='ltr'><strong>quid</strong></span> <span class='ocrx_word' id='word_1_62' title='bbox 682 1400 718 1466; x_wconf 91' lang='lat' dir='ltr'><strong>in</strong></span> <span class='ocrx_word' id='word_1_63' title='bbox 739 1398 870 1467; x_wconf 88' lang='lat' dir='ltr'><strong>Aeduis</strong></span> <span class='ocrx_word' id='word_1_64' title='bbox 892 1411 1068 1484; x_wconf 78' lang='lat' dir='ltr'><strong>gereretur,</strong></span> <span class='ocrx_word' id='word_1_65' title='bbox 1089 1401 1229 1466; x_wconf 90' lang='lat' dir='ltr'><strong>concilio</strong></span> <span class='ocrx_word' id='word_1_66' title='bbox 1252 1411 1372 1468; x_wconf 88' lang='lat' dir='ltr'><strong>coacto</strong></span> 
     </span>
     <span class='ocr_line' id='line_1_10' title="bbox 319 1502 1397 1572; baseline 0 -2"><span class='ocrx_word' id='word_1_67' title='bbox 319 1505 363 1570; x_wconf 91' lang='lat' dir='ltr'><strong>de</strong></span> <span class='ocrx_word' id='word_1_68' title='bbox 388 1502 482 1572; x_wconf 81' lang='lat' dir='ltr'><strong>rstitu</strong></span> <span class='ocrx_word' id='word_1_69' title='bbox 507 1525 641 1570; x_wconf 89' lang='lat' dir='ltr'><strong>suarum</strong></span> <span class='ocrx_word' id='word_1_70' title='bbox 668 1503 871 1570; x_wconf 78' lang='lat' dir='ltr'><strong>fortunarum</strong></span> <span class='ocrx_word' id='word_1_71' title='bbox 897 1505 1137 1570; x_wconf 75' lang='lat' dir='ltr'><strong>consultabant</strong></span> <span class='ocrx_word' id='word_1_72' title='bbox 1189 1505 1245 1570; x_wconf 91' lang='lat' dir='ltr'><strong>Ac</strong></span> <span class='ocrx_word' id='word_1_73' title='bbox 1271 1506 1397 1570; x_wconf 85' lang='lat' dir='ltr'><strong>variis²</strong></span> 
     </span>
     <span class='ocr_line' id='line_1_11' title="bbox 320 1608 1369 1692; baseline -0.002 -16"><span class='ocrx_word' id='word_1_74' title='bbox 320 1608 418 1676; x_wconf 86' lang='lat' dir='ltr'><strong>dictis</strong></span> <span class='ocrx_word' id='word_1_75' title='bbox 447 1609 628 1687; x_wconf 86' lang='lat' dir='ltr'><strong>sententiis,</strong></span> <span class='ocrx_word' id='word_1_76' title='bbox 652 1627 792 1692; x_wconf 86' lang='lat' dir='ltr'><strong>quarum</strong></span> <span class='ocrx_word' id='word_1_77' title='bbox 822 1628 899 1691; x_wconf 87' lang='lat' dir='ltr'><strong>pars</strong></span> <span class='ocrx_word' id='word_1_78' title='bbox 929 1609 1143 1684; x_wconf 85' lang='lat' dir='ltr'><strong>deditionem,</strong></span> <span class='ocrx_word' id='word_1_79' title='bbox 1172 1629 1258 1692; x_wconf 88' lang='lat' dir='ltr'><strong>pars,</strong></span> <span class='ocrx_word' id='word_1_80' title='bbox 1284 1609 1369 1674; x_wconf 88' lang='lat' dir='ltr'><strong>dum</strong></span> 
     </span>
     <span class='ocr_line' id='line_1_12' title="bbox 319 1711 1370 1796; baseline 0.001 -19"><span class='ocrx_word' id='word_1_81' title='bbox 319 1713 404 1777; x_wconf 86' lang='lat' dir='ltr'><strong>vires</strong></span> <span class='ocrx_word' id='word_1_82' title='bbox 418 1722 641 1796; x_wconf 84' lang='lat' dir='ltr'><strong>suppeterent,</strong></span> <span class='ocrx_word' id='word_1_83' title='bbox 652 1711 859 1796; x_wconf 87' lang='lat' dir='ltr'><strong>eruptionem</strong></span> <span class='ocrx_word' id='word_1_84' title='bbox 871 1712 1036 1794; x_wconf 85' lang='lat' dir='ltr'><strong>censebat,</strong></span> <span class='ocrx_word' id='word_1_85' title='bbox 1044 1734 1110 1778; x_wconf 91' lang='lat' dir='ltr'><strong>non</strong></span> <span class='ocrx_word' id='word_1_86' title='bbox 1126 1715 1370 1796; x_wconf 86' lang='lat' dir='ltr'><strong>praetereunda</strong></span> 
     </span>
     <span class='ocr_line' id='line_1_13' title="bbox 150 1815 1485 1912; baseline 0.004 -35"><span class='ocrx_word' id='word_1_87' title='bbox 150 1824 287 1908; x_wconf 61' lang='lat' dir='ltr'><strong>Spssenot</strong></span> <span class='ocrx_word' id='word_1_88' title='bbox 319 1817 426 1882; x_wconf 89' lang='lat' dir='ltr'><strong>oratio</strong></span> <span class='ocrx_word' id='word_1_89' title='bbox 441 1816 626 1900; x_wconf 80' lang='lat' dir='ltr'><strong>Critognati</strong></span> <span class='ocrx_word' id='word_1_90' title='bbox 648 1817 777 1882; x_wconf 86' lang='lat' dir='ltr'><strong>videtur</strong></span> <span class='ocrx_word' id='word_1_91' title='bbox 795 1825 929 1900; x_wconf 89' lang='lat' dir='ltr'><strong>propter</strong></span> <span class='ocrx_word' id='word_1_92' title='bbox 949 1817 1018 1881; x_wconf 90' lang='lat' dir='ltr'><strong>eius</strong></span> <span class='ocrx_word' id='word_1_93' title='bbox 1038 1815 1239 1899; x_wconf 83' lang='lat' dir='ltr'><strong>singularem</strong></span> <span class='ocrx_word' id='word_1_94' title='bbox 1259 1826 1295 1882; x_wconf 89' lang='lat' dir='ltr'><strong>et</strong></span> <span class='ocrx_word' id='word_1_95' title='bbox 1314 1837 1370 1882; x_wconf 92' lang='lat' dir='ltr'><strong>ne·</strong></span> <span class='ocrx_word' id='word_1_96' title='bbox 1484 1907 1485 1912; x_wconf 5' lang='grc' dir='ltr'>ἵ</span> 
     </span>
     <span class='ocr_line' id='line_1_14' title="bbox 150 1893 1397 2022; baseline 0 -38"><span class='ocrx_word' id='word_1_97' title='bbox 150 1893 249 2022; x_wconf 46' lang='lat' dir='ltr'><strong>{1¹⁸²ss</strong></span> <span class='ocrx_word' id='word_1_98' title='bbox 320 1918 438 1986; x_wconf 84' lang='lat' dir='ltr'><strong>fariam</strong></span> <span class='ocrx_word' id='word_1_99' title='bbox 452 1920 689 1986; x_wconf 84' lang='lat' dir='ltr'><strong>crudelitatem.</strong></span> <span class='ocrx_word' id='word_1_100' title='bbox 735 1919 802 1986; x_wconf 92' lang='lat' dir='ltr'><strong>Hic</strong></span> <span class='ocrx_word' id='word_1_101' title='bbox 816 1940 949 1986; x_wconf 88' lang='lat' dir='ltr'><strong>summo</strong></span> <span class='ocrx_word' id='word_1_102' title='bbox 963 1923 998 1985; x_wconf 85' lang='lat' dir='ltr'><strong>in</strong></span> <span class='ocrx_word' id='word_1_103' title='bbox 1012 1920 1172 1986; x_wconf 88' lang='lat' dir='ltr'><strong>Arvernis</strong></span> <span class='ocrx_word' id='word_1_104' title='bbox 1185 1930 1280 1985; x_wconf 90' lang='lat' dir='ltr'><strong>ortus</strong></span> <span class='ocrx_word' id='word_1_105' title='bbox 1294 1919 1397 1984; x_wconf 79' lang='lat' dir='ltr'><strong>locos</strong></span> 
     </span>
     <span class='ocr_line' id='line_1_15' title="bbox 320 2022 1485 2106; baseline 0 -18"><span class='ocrx_word' id='word_1_106' title='bbox 320 2031 356 2088; x_wconf 92' lang='lat' dir='ltr'><strong>et</strong></span> <span class='ocrx_word' id='word_1_107' title='bbox 395 2042 538 2106; x_wconf 75' lang='lat' dir='ltr'><strong>magnae</strong></span> <span class='ocrx_word' id='word_1_108' title='bbox 575 2023 711 2089; x_wconf 84' lang='lat' dir='ltr'><strong>babitus</strong></span> <span class='ocrx_word' id='word_1_109' title='bbox 750 2023 964 2102; x_wconf 84' lang='lat' dir='ltr'><strong>auctoritatis,</strong></span> <span class='ocrx_word' id='word_1_110' title='bbox 998 2022 1119 2100; x_wconf 68' lang='lat' dir='ltr'><strong>‘nihii&#39;</strong></span> <span class='ocrx_word' id='word_1_111' title='bbox 1156 2022 1275 2106; x_wconf 87' lang='lat' dir='ltr'><strong>inquit,</strong></span> <span class='ocrx_word' id='word_1_112' title='bbox 1309 2025 1370 2089; x_wconf 88' lang='lat' dir='ltr'><strong>‘de</strong></span> <span class='ocrx_word' id='word_1_113' title='bbox 1484 2043 1485 2046; x_wconf 45' lang='lat'>¹</span> 
     </span>
     <span class='ocr_line' id='line_1_16' title="bbox 319 2125 1369 2210; baseline -0.002 -18"><span class='ocrx_word' id='word_1_114' title='bbox 319 2145 434 2192; x_wconf 89' lang='lat' dir='ltr'><strong>eorum</strong></span> <span class='ocrx_word' id='word_1_115' title='bbox 457 2127 624 2193; x_wconf 87' lang='lat' dir='ltr'><strong>sententia</strong></span> <span class='ocrx_word' id='word_1_116' title='bbox 647 2125 792 2193; x_wconf 89' lang='lat' dir='ltr'><strong>dicturus</strong></span> <span class='ocrx_word' id='word_1_117' title='bbox 821 2147 905 2202; x_wconf 88' lang='lat' dir='ltr'><strong>sum,</strong></span> <span class='ocrx_word' id='word_1_118' title='bbox 926 2127 984 2210; x_wconf 92' lang='lat' dir='ltr'><strong>qui</strong></span> <span class='ocrx_word' id='word_1_119' title='bbox 1013 2127 1239 2210; x_wconf 88' lang='lat' dir='ltr'><strong>turpissimam</strong></span> <span class='ocrx_word' id='word_1_120' title='bbox 1266 2125 1369 2191; x_wconf 76' lang='lat' dir='ltr'><strong>serri-</strong></span> 
     </span>
     <span class='ocr_line' id='line_1_17' title="bbox 318 2228 1370 2314; baseline -0.001 -19"><span class='ocrx_word' id='word_1_121' title='bbox 318 2238 426 2296; x_wconf 86' lang='lat' dir='ltr'><strong>tutem</strong></span> <span class='ocrx_word' id='word_1_122' title='bbox 447 2230 625 2296; x_wconf 87' lang='lat' dir='ltr'><strong>deditionis</strong></span> <span class='ocrx_word' id='word_1_123' title='bbox 647 2230 784 2294; x_wconf 89' lang='lat' dir='ltr'><strong>nomine</strong></span> <span class='ocrx_word' id='word_1_124' title='bbox 800 2228 979 2314; x_wconf 88' lang='lat' dir='ltr'><strong>appellant,</strong></span> <span class='ocrx_word' id='word_1_125' title='bbox 993 2249 1099 2314; x_wconf 90' lang='lat' dir='ltr'><strong>neque</strong></span> <span class='ocrx_word' id='word_1_126' title='bbox 1116 2229 1178 2295; x_wconf 90' lang='lat' dir='ltr'><strong>hos</strong></span> <span class='ocrx_word' id='word_1_127' title='bbox 1197 2229 1370 2295; x_wconf 89' lang='lat' dir='ltr'><strong>habendos</strong></span> 
     </span>
     <span class='ocr_line' id='line_1_18' title="bbox 320 2333 1369 2417; baseline -0.002 -19"><span class='ocrx_word' id='word_1_128' title='bbox 320 2334 441 2400; x_wconf 86' lang='lat' dir='ltr'><strong>civium</strong></span> <span class='ocrx_word' id='word_1_129' title='bbox 473 2333 548 2400; x_wconf 90' lang='lat' dir='ltr'><strong>loco</strong></span> <span class='ocrx_word' id='word_1_130' title='bbox 578 2353 687 2417; x_wconf 89' lang='lat' dir='ltr'><strong>neque</strong></span> <span class='ocrx_word' id='word_1_131' title='bbox 719 2335 763 2399; x_wconf 91' lang='lat' dir='ltr'><strong>ad</strong></span> <span class='ocrx_word' id='word_1_132' title='bbox 793 2333 966 2400; x_wconf 84' lang='lat' dir='ltr'><strong>consilium</strong></span> <span class='ocrx_word' id='word_1_133' title='bbox 1002 2333 1209 2399; x_wconf 76' lang='lat' dir='ltr'><strong>adhibendos</strong></span> <span class='ocrx_word' id='word_1_134' title='bbox 1240 2354 1369 2398; x_wconf 88' lang='lat' dir='ltr'><strong>censeo.</strong></span> 
     </span>
     <span class='ocr_line' id='line_1_19' title="bbox 322 2435 1397 2521; baseline -0.003 -15"><span class='ocrx_word' id='word_1_135' title='bbox 322 2435 410 2506; x_wconf 87' lang='lat' dir='ltr'><strong>Cum</strong></span> <span class='ocrx_word' id='word_1_136' title='bbox 427 2437 481 2502; x_wconf 89' lang='lat' dir='ltr'><strong>his</strong></span> <span class='ocrx_word' id='word_1_137' title='bbox 500 2438 580 2505; x_wconf 90' lang='lat' dir='ltr'><strong>mihi</strong></span> <span class='ocrx_word' id='word_1_138' title='bbox 600 2458 654 2504; x_wconf 90' lang='lat' dir='ltr'><strong>res</strong></span> <span class='ocrx_word' id='word_1_139' title='bbox 671 2437 725 2516; x_wconf 85' lang='lat' dir='ltr'><strong>sit,</strong></span> <span class='ocrx_word' id='word_1_140' title='bbox 740 2437 796 2521; x_wconf 93' lang='lat' dir='ltr'><strong>qui</strong></span> <span class='ocrx_word' id='word_1_141' title='bbox 816 2436 1023 2519; x_wconf 86' lang='lat' dir='ltr'><strong>eruptionem</strong></span> <span class='ocrx_word' id='word_1_142' title='bbox 1041 2437 1205 2520; x_wconf 79' lang='lat' dir='ltr'><strong>probant3</strong></span> <span class='ocrx_word' id='word_1_143' title='bbox 1226 2457 1397 2521; x_wconf 85' lang='lat' dir='ltr'><strong>quorum4</strong></span> 
     </span>
     <span class='ocr_line' id='line_1_20' title="bbox 320 2541 1369 2626; baseline -0.006 -16"><span class='ocrx_word' id='word_1_144' title='bbox 320 2542 356 2610; x_wconf 85' lang='lat' dir='ltr'><strong>in</strong></span> <span class='ocrx_word' id='word_1_145' title='bbox 369 2542 507 2608; x_wconf 86' lang='lat' dir='ltr'><strong>consilio</strong></span> <span class='ocrx_word' id='word_1_146' title='bbox 526 2542 675 2610; x_wconf 91' lang='lat' dir='ltr'><strong>omnium</strong></span> <span class='ocrx_word' id='word_1_147' title='bbox 694 2551 841 2607; x_wconf 85' lang='lat' dir='ltr'><strong>vestrum</strong></span> <span class='ocrx_word' id='word_1_148' title='bbox 862 2559 1024 2606; x_wconf 87' lang='lat' dir='ltr'><strong>consensu</strong></span> <span class='ocrx_word' id='word_1_149' title='bbox 1047 2541 1205 2626; x_wconf 82' lang='lat' dir='ltr'><strong>pristinae</strong></span> <span class='ocrx_word' id='word_1_150' title='bbox 1226 2541 1369 2606; x_wconf 84' lang='lat' dir='ltr'><strong>residere</strong></span> 
     </span>
     <span class='ocr_line' id='line_1_21' title="bbox 319 2643 1397 2724; baseline 0.002 -12"><span class='ocrx_word' id='word_1_151' title='bbox 319 2644 452 2714; x_wconf 82' lang='lat' dir='ltr'><strong>virtutis</strong></span> <span class='ocrx_word' id='word_1_152' title='bbox 474 2647 635 2711; x_wconf 87' lang='lat' dir='ltr'><strong>memoria</strong></span> <span class='ocrx_word' id='word_1_153' title='bbox 654 2645 794 2710; x_wconf 85' lang='lat' dir='ltr'><strong>videtur.</strong></span> <span class='ocrx_word' id='word_1_154' title='bbox 839 2643 954 2710; x_wconf 87' lang='lat' dir='ltr'><strong>Animi</strong></span> <span class='ocrx_word' id='word_1_155' title='bbox 975 2653 1026 2709; x_wconf 87' lang='lat' dir='ltr'><strong>est</strong></span> <span class='ocrx_word' id='word_1_156' title='bbox 1047 2645 1112 2708; x_wconf 87' lang='lat' dir='ltr'><strong>ista</strong></span> <span class='ocrx_word' id='word_1_157' title='bbox 1134 2643 1287 2724; x_wconf 88' lang='lat' dir='ltr'><strong>mollitia,</strong></span> <span class='ocrx_word' id='word_1_158' title='bbox 1301 2663 1397 2714; x_wconf 75' lang='lat' dir='ltr'><strong>none</strong></span> 
     </span>
     <span class='ocr_line' id='line_1_22' title="bbox 321 2745 1369 2832; baseline -0.001 -18"><span class='ocrx_word' id='word_1_159' title='bbox 321 2749 433 2826; x_wconf 82' lang='lat' dir='ltr'><strong>virtus,</strong></span> <span class='ocrx_word' id='word_1_160' title='bbox 447 2748 613 2832; x_wconf 84' lang='lat' dir='ltr'><strong>paulisper</strong></span> <span class='ocrx_word' id='word_1_161' title='bbox 634 2747 780 2830; x_wconf 89' lang='lat' dir='ltr'><strong>inopiam</strong></span> <span class='ocrx_word' id='word_1_162' title='bbox 803 2745 887 2814; x_wconf 82' lang='lat' dir='ltr'><strong>serre</strong></span> <span class='ocrx_word' id='word_1_163' title='bbox 907 2767 973 2812; x_wconf 90' lang='lat' dir='ltr'><strong>non</strong></span> <span class='ocrx_word' id='word_1_164' title='bbox 995 2766 1102 2831; x_wconf 87' lang='lat' dir='ltr'><strong>posse.</strong></span> <span class='ocrx_word' id='word_1_165' title='bbox 1146 2747 1215 2831; x_wconf 85' lang='lat' dir='ltr'><strong>Qui</strong></span> <span class='ocrx_word' id='word_1_166' title='bbox 1231 2769 1268 2812; x_wconf 89' lang='lat' dir='ltr'><strong>se</strong></span> <span class='ocrx_word' id='word_1_167' title='bbox 1282 2748 1369 2813; x_wconf 88' lang='lat' dir='ltr'><strong>ultro</strong></span> 
     </span>
     <span class='ocr_line' id='line_1_23' title="bbox 321 2850 1369 2936; baseline 0.002 -21"><span class='ocrx_word' id='word_1_168' title='bbox 321 2853 420 2916; x_wconf 89' lang='lat' dir='ltr'><strong>morti</strong></span> <span class='ocrx_word' id='word_1_169' title='bbox 442 2852 592 2930; x_wconf 82' lang='lat' dir='ltr'><strong>offerant,</strong></span> <span class='ocrx_word' id='word_1_170' title='bbox 615 2850 743 2917; x_wconf 86' lang='lat' dir='ltr'><strong>facilius</strong></span> <span class='ocrx_word' id='word_1_171' title='bbox 768 2851 983 2935; x_wconf 88' lang='lat' dir='ltr'><strong>reperiuntur,</strong></span> <span class='ocrx_word' id='word_1_172' title='bbox 1005 2871 1106 2936; x_wconf 88' lang='lat' dir='ltr'><strong>quam</strong></span> <span class='ocrx_word' id='word_1_173' title='bbox 1133 2852 1191 2934; x_wconf 92' lang='lat' dir='ltr'><strong>qui</strong></span> <span class='ocrx_word' id='word_1_174' title='bbox 1217 2853 1369 2917; x_wconf 84' lang='lat' dir='ltr'><strong>dolorem</strong></span> 
     </span>
     <span class='ocr_line' id='line_1_24' title="bbox 320 2955 1396 3040; baseline 0.001 -20"><span class='ocrx_word' id='word_1_175' title='bbox 320 2955 483 3040; x_wconf 84' lang='lat' dir='ltr'><strong>patienter</strong></span> <span class='ocrx_word' id='word_1_176' title='bbox 497 2956 613 3023; x_wconf 84' lang='lat' dir='ltr'><strong>ferant</strong></span> <span class='ocrx_word' id='word_1_177' title='bbox 655 2955 774 3038; x_wconf 88' lang='lat' dir='ltr'><strong>Atque</strong></span> <span class='ocrx_word' id='word_1_178' title='bbox 787 2973 851 3037; x_wconf 83' lang='lat' dir='ltr'><strong>ego</strong></span> <span class='ocrx_word' id='word_1_179' title='bbox 869 2955 955 3020; x_wconf 88' lang='lat' dir='ltr'><strong>banc</strong></span> <span class='ocrx_word' id='word_1_180' title='bbox 978 2955 1178 3022; x_wconf 89' lang='lat' dir='ltr'><strong>sententiam</strong></span> <span class='ocrx_word' id='word_1_181' title='bbox 1192 2956 1396 3040; x_wconf 71' lang='lat' dir='ltr'><strong>probarent</strong></span> 
     </span>
     <span class='ocr_line' id='line_1_25' title="bbox 320 3055 1367 3146; baseline 0 -20"><span class='ocrx_word' id='word_1_182' title='bbox 320 3056 466 3145; x_wconf 85' lang='lat' dir='ltr'><strong>(tanturn</strong></span> <span class='ocrx_word' id='word_1_183' title='bbox 481 3061 571 3142; x_wconf 86' lang='lat' dir='ltr'><strong>apud</strong></span> <span class='ocrx_word' id='word_1_184' title='bbox 588 3079 643 3124; x_wconf 90' lang='lat' dir='ltr'><strong>me</strong></span> <span class='ocrx_word' id='word_1_185' title='bbox 653 3058 798 3143; x_wconf 85' lang='lat' dir='ltr'><strong>dignitas</strong></span> <span class='ocrx_word' id='word_1_186' title='bbox 809 3055 946 3146; x_wconf 85' lang='lat' dir='ltr'><strong>potest),</strong></span> <span class='ocrx_word' id='word_1_187' title='bbox 957 3059 984 3125; x_wconf 88' lang='lat' dir='ltr'><strong>si</strong></span> <span class='ocrx_word' id='word_1_188' title='bbox 997 3057 1121 3124; x_wconf 90' lang='lat' dir='ltr'><strong>nullam</strong></span> <span class='ocrx_word' id='word_1_189' title='bbox 1132 3071 1367 3144; x_wconf 85' lang='lat' dir='ltr'><strong>praeterquam</strong></span> 
     </span>
     <span class='ocr_line' id='line_1_26' title="bbox 320 3162 1396 3240; baseline 0.003 -12"><span class='ocrx_word' id='word_1_190' title='bbox 320 3163 411 3231; x_wconf 86' lang='lat' dir='ltr'><strong>vitae</strong></span> <span class='ocrx_word' id='word_1_191' title='bbox 439 3174 570 3230; x_wconf 87' lang='lat' dir='ltr'><strong>nostrae</strong></span> <span class='ocrx_word' id='word_1_192' title='bbox 598 3162 761 3228; x_wconf 84' lang='lat' dir='ltr'><strong>iacturam</strong></span> <span class='ocrx_word' id='word_1_193' title='bbox 791 3163 861 3228; x_wconf 87' lang='lat' dir='ltr'><strong>fieri</strong></span> <span class='ocrx_word' id='word_1_194' title='bbox 889 3164 1056 3240; x_wconf 90' lang='lat' dir='ltr'><strong>viderem;</strong></span> <span class='ocrx_word' id='word_1_195' title='bbox 1084 3165 1144 3228; x_wconf 87' lang='lat' dir='ltr'><strong>sed</strong></span> <span class='ocrx_word' id='word_1_196' title='bbox 1171 3164 1205 3228; x_wconf 91' lang='lat' dir='ltr'><strong>in</strong></span> <span class='ocrx_word' id='word_1_197' title='bbox 1232 3163 1396 3231; x_wconf 75' lang='lat' dir='ltr'><strong>consiliat</strong></span> 
     </span>
     <span class='ocr_line' id='line_1_27' title="bbox 320 3266 1369 3352; baseline -0.002 -18"><span class='ocrx_word' id='word_1_198' title='bbox 320 3269 482 3352; x_wconf 88' lang='lat' dir='ltr'><strong>capiendo</strong></span> <span class='ocrx_word' id='word_1_199' title='bbox 496 3287 629 3334; x_wconf 85' lang='lat' dir='ltr'><strong>omnem</strong></span> <span class='ocrx_word' id='word_1_200' title='bbox 646 3266 791 3334; x_wconf 84' lang='lat' dir='ltr'><strong>Galliam</strong></span> <span class='ocrx_word' id='word_1_201' title='bbox 807 3267 1029 3350; x_wconf 85' lang='lat' dir='ltr'><strong>respiciamus,</strong></span> <span class='ocrx_word' id='word_1_202' title='bbox 1039 3287 1140 3350; x_wconf 87' lang='lat' dir='ltr'><strong>quam</strong></span> <span class='ocrx_word' id='word_1_203' title='bbox 1154 3269 1199 3334; x_wconf 90' lang='lat' dir='ltr'><strong>ad</strong></span> <span class='ocrx_word' id='word_1_204' title='bbox 1218 3279 1369 3333; x_wconf 79' lang='lat' dir='ltr'><strong>nostrum</strong></span> 
     </span>
     <span class='ocr_line' id='line_1_28' title="bbox 321 3368 1396 3454; baseline -0.001 -20"><span class='ocrx_word' id='word_1_205' title='bbox 321 3371 482 3436; x_wconf 86' lang='lat' dir='ltr'><strong>auxilium</strong></span> <span class='ocrx_word' id='word_1_206' title='bbox 502 3371 750 3435; x_wconf 86' lang='lat' dir='ltr'><strong>concitavimus.</strong></span> <span class='ocrx_word' id='word_1_207' title='bbox 794 3369 884 3454; x_wconf 86' lang='lat' dir='ltr'><strong>Quid</strong></span> <span class='ocrx_word' id='word_1_208' title='bbox 907 3368 1080 3435; x_wconf 89' lang='lat' dir='ltr'><strong>hominum</strong></span> <span class='ocrx_word' id='word_1_209' title='bbox 1104 3370 1237 3435; x_wconf 87' lang='lat' dir='ltr'><strong>milibus</strong></span> <span class='ocrx_word' id='word_1_210' title='bbox 1264 3385 1396 3436; x_wconf 81' lang='lat' dir='ltr'><strong>Lxxxs</strong></span> 
     </span>
     <span class='ocr_line' id='line_1_29' title="bbox 321 3473 1371 3556; baseline -0.001 -16"><span class='ocrx_word' id='word_1_211' title='bbox 321 3494 389 3540; x_wconf 90' lang='lat' dir='ltr'><strong>uno</strong></span> <span class='ocrx_word' id='word_1_212' title='bbox 403 3474 479 3539; x_wconf 92' lang='lat' dir='ltr'><strong>loco</strong></span> <span class='ocrx_word' id='word_1_213' title='bbox 501 3474 680 3538; x_wconf 84' lang='lat' dir='ltr'><strong>intersectis</strong></span> <span class='ocrx_word' id='word_1_214' title='bbox 699 3473 893 3556; x_wconf 90' lang='lat' dir='ltr'><strong>propinquis</strong></span> <span class='ocrx_word' id='word_1_215' title='bbox 910 3473 1231 3556; x_wconf 86' lang='lat' dir='ltr'><strong>consanguineisque</strong></span> <span class='ocrx_word' id='word_1_216' title='bbox 1248 3475 1371 3539; x_wconf 88' lang='lat' dir='ltr'><strong>nostris</strong></span> 
     </span>
     <span class='ocr_line' id='line_1_30' title="bbox 319 3576 1371 3660; baseline 0.002 -18"><span class='ocrx_word' id='word_1_217' title='bbox 319 3579 421 3643; x_wconf 90' lang='lat' dir='ltr'><strong>animi</strong></span> <span class='ocrx_word' id='word_1_218' title='bbox 449 3577 519 3646; x_wconf 83' lang='lat' dir='ltr'><strong>lore</strong></span> <span class='ocrx_word' id='word_1_219' title='bbox 548 3576 758 3653; x_wconf 88' lang='lat' dir='ltr'><strong>existimatis,</strong></span> <span class='ocrx_word' id='word_1_220' title='bbox 787 3577 815 3640; x_wconf 92' lang='lat' dir='ltr'><strong>si</strong></span> <span class='ocrx_word' id='word_1_221' title='bbox 845 3595 950 3659; x_wconf 90' lang='lat' dir='ltr'><strong>paene</strong></span> <span class='ocrx_word' id='word_1_222' title='bbox 980 3577 1014 3641; x_wconf 91' lang='lat' dir='ltr'><strong>in</strong></span> <span class='ocrx_word' id='word_1_223' title='bbox 1044 3577 1124 3660; x_wconf 90' lang='lat' dir='ltr'><strong>ipsis</strong></span> <span class='ocrx_word' id='word_1_224' title='bbox 1153 3578 1371 3644; x_wconf 86' lang='lat' dir='ltr'><strong>cadaveribus</strong></span> 
     </span>
     <span class='ocr_line' id='line_1_31' title="bbox 320 3679 1395 3767; baseline 0 -21"><span class='ocrx_word' id='word_1_225' title='bbox 320 3680 448 3767; x_wconf 86' lang='lat' dir='ltr'><strong>proelio</strong></span> <span class='ocrx_word' id='word_1_226' title='bbox 469 3683 637 3748; x_wconf 88' lang='lat' dir='ltr'><strong>decertare</strong></span> <span class='ocrx_word' id='word_1_227' title='bbox 657 3683 842 3764; x_wconf 81' lang='lat' dir='ltr'><strong>cogentur?</strong></span> <span class='ocrx_word' id='word_1_228' title='bbox 888 3679 1001 3744; x_wconf 90' lang='lat' dir='ltr'><strong>Nolite</strong></span> <span class='ocrx_word' id='word_1_229' title='bbox 1023 3679 1085 3745; x_wconf 88' lang='lat' dir='ltr'><strong>hos</strong></span> <span class='ocrx_word' id='word_1_230' title='bbox 1106 3689 1220 3746; x_wconf 80' lang='lat' dir='ltr'><strong>vestro</strong></span> <span class='ocrx_word' id='word_1_231' title='bbox 1242 3682 1395 3746; x_wconf 75' lang='lat' dir='ltr'><strong>auxilios</strong></span> 
     </span>
    </p>
   </div>
   <div class='ocr_carea' id='block_1_6' title="bbox 320 3873 1485 4006">
    <p class='ocr_par' dir='ltr' id='par_1_7' title="bbox 320 3873 1485 4006">
     <span class='ocr_line' id='line_1_32' title="bbox 353 3873 1485 3941; baseline 0.002 -15"><span class='ocrx_word' id='word_1_232' title='bbox 353 3877 727 3938; x_wconf 71' lang='lat' dir='ltr'><strong>¹17.§5.0nissu1no.ee</strong></span> <span class='ocrx_word' id='word_1_233' title='bbox 754 3873 818 3924; x_wconf 83' lang='lat' dir='ltr'><strong>This</strong></span> <span class='ocrx_word' id='word_1_234' title='bbox 866 3874 1367 3941; x_wconf 65' lang='lat' dir='ltr'><strong>mbrerabutimpatientoirder·</strong></span> <span class='ocrx_word' id='word_1_235' title='bbox 1484 3881 1485 3884; x_wconf 77' lang='grc'>’</span> 
     </span>
     <span class='ocr_line' id='line_1_33' title="bbox 320 3938 1366 4006; baseline 0.003 -18"><span class='ocrx_word' id='word_1_236' title='bbox 320 3938 531 3992; x_wconf 76' lang='lat' dir='ltr'><strong>rmnrrlrveses</strong></span> <span class='ocrx_word' id='word_1_237' title='bbox 577 3939 819 4006; x_wconf 82' lang='lat' dir='ltr'><strong>’llytmeoltbe</strong></span> <span class='ocrx_word' id='word_1_238' title='bbox 867 3939 918 4005; x_wconf 80' lang='lat' dir='ltr'><strong>ing.</strong></span> <span class='ocrx_word' id='word_1_239' title='bbox 951 3939 1366 4006; x_wconf 74' lang='lat' dir='ltr'><strong>Seeiil19,§6‘snirnus...</strong></span> 
     </span>
    </p>
   </div>
   <div class='ocr_carea' id='block_1_7' title="bbox 320 4006 952 4071">
    <p class='ocr_par' dir='ltr' id='par_1_8' title="bbox 320 4006 952 4071">
     <span class='ocr_line' id='line_1_34' title="bbox 320 4006 952 4071; baseline 0.011 -19"><span class='ocrx_word' id='word_1_240' title='bbox 320 4011 480 4068; x_wconf 67' lang='lat' dir='ltr'><strong>couumymen</strong></span> <span class='ocrx_word' id='word_1_241' title='bbox 566 4006 732 4071; x_wconf 78' lang='lat' dir='ltr'><strong>Critoguntus,</strong></span> <span class='ocrx_word' id='word_1_242' title='bbox 761 4007 820 4058; x_wconf 70' lang='lat' dir='ltr'><strong>who</strong></span> <span class='ocrx_word' id='word_1_243' title='bbox 866 4006 952 4059; x_wconf 61' lang='grc' dir='ltr'><strong>ω’</strong></span> 
     </span>
    </p>
   </div>
   <div class='ocr_carea' id='block_1_8' title="bbox 0 0 1498 4992">
    <p class='ocr_par' dir='ltr' id='par_1_9' title="bbox 0 0 1498 4992">
     <span class='ocr_line' id='line_1_35' title="bbox 0 0 1498 4992; baseline 0 0"><span class='ocrx_word' id='word_1_244' title='bbox 0 0 1498 4992; x_wconf 95' lang='lat' dir='ltr'><strong> </strong></span> 
     </span>
    </p>
   </div>
  </div>
 </body>
</html>
