2984 4992
334 536 395 602 230
678 530 706 582 c.
732 530 830 582 rum
853 528 1043 583 caasams
1288 531 1348 598 [ea
1362 546 1399 596 3-

334 690 408 759 loca
422 692 645 758 vicinitatibus
661 701 756 758 erant
770 702 860 773 nota,
876 712 1101 778 magnamque
1114 712 1167 757 res
1181 692 1395 776 diligentiam

336 796 523 879 requirebat
537 817 604 861 non
621 797 653 861 in
671 817 803 863 summa
821 797 986 862 exercitus
1000 800 1125 863 tuenda
1139 794 1281 882 (nullum
1298 798 1395 862 enim

335 909 468 983 poterat
499 900 656 965 universis
684 920 706 965 a
734 901 912 984 perterritis
948 920 987 966 ac
1024 900 1179 983 dispersis
1208 901 1395 984 periculum

336 997 506 1085 accidere),
530 1002 591 1066 sed
617 1001 649 1066 in
672 1000 809 1085 singulis
833 1000 992 1065 militibus
1021 1003 1273 1078 conservandis3
1304 1021 1396 1084 quae

295 1150 300 1163 .
336 1112 449 1168 tamen
479 1126 523 1171 ex
555 1116 650 1189 parte
679 1126 730 1169 res
759 1106 803 1169 ad
834 1103 976 1170 salutem
1005 1105 1170 1170 exercitus
1192 1105 1395 1189 pertinebat

337 1207 428 1273 Nam
451 1219 484 1275 et
507 1210 652 1292 praedae
673 1208 837 1291 cupiditas
861 1209 984 1273 multos
1009 1208 1141 1291 lougius
1162 1210 1333 1286 evocabat,
1356 1222 1426 1281 et4

337 1311 439 1378 silvae
460 1312 593 1378 incertis
612 1311 816 1395 occultisque
832 1312 1000 1378 itineribus
1019 1312 1184 1377 consertos
1201 1313 1293 1377 adire
1313 1334 1394 1395 pro-

337 1416 506 1482 hibebant.
551 1415 587 1482 Si
618 1417 789 1500 negotium
826 1415 945 1482 confici
981 1416 1183 1500 stirpemque
1218 1416 1423 1494 hominum5

337 1520 570 1586 sceleratorum
593 1520 732 1585 interfici
755 1519 864 1601 vellet,
890 1520 1107 1586 dimittendae
1135 1522 1246 1603 plures
1273 1541 1396 1586 manus

337 1625 582 1709 diducendique
596 1634 691 1691 erant
706 1624 849 1705 militen
874 1626 902 1690 si
923 1625 1093 1690 continere
1106 1626 1150 1689 ad
1168 1626 1266 1709 signa
1285 1626 1424 1689 mani-6

337 1728 433 1811 pulos
456 1728 566 1804 vellet,
588 1740 626 1793 ut
649 1728 800 1793 instituta
825 1730 911 1793 ratio
932 1740 967 1794 et
992 1730 1199 1794 consuetudo
1221 1730 1394 1796 exercitus

337 1832 482 1897 Romani
505 1832 707 1917 postulabat,
732 1833 824 1899 locus
848 1834 921 1915 ipse
943 1842 1018 1897 erat
1040 1832 1205 1916 praesidio
1230 1832 1394 1911 barbaris,

337 1952 444 2015 neque
464 1952 508 1997 ex
531 1932 661 1997 occulto
684 1932 860 1997 insidiandi
876 1942 910 1997 et
928 1933 1097 2014 dispersos
1115 1932 1394 1998 circumveniendi

336 2035 470 2119 singulis
491 2037 605 2101 deerat
626 2037 775 2101 audacia.
821 2035 871 2101 Ut
893 2036 926 2099 in
948 2036 1111 2102 eiusmodi
1131 2034 1420 2115 difficultatrbm

337 2149 497 2222 quantum
528 2138 697 2223 diligentia
727 2137 892 2222 provideri
921 2148 1062 2223 poterat,
1085 2140 1330 2222 providebatur,
1353 2150 1393 2205 ut

337 2242 446 2327 potius
460 2243 492 2307 in
508 2243 659 2308 nocendo
675 2242 799 2325 aliquid
820 2242 1147 2325 praetermitteretur,
1161 2244 1224 2307 etsi
1239 2245 1392 2308 omnium

337 2348 438 2413 animi
474 2348 517 2413 ad
552 2345 777 2412 ulciscendum
813 2348 983 2424 ardebant,
1019 2368 1121 2431 quam
1161 2368 1238 2412 cum
1276 2348 1392 2431 aliquo

170 2460 288 2511 'ruerus
338 2452 479 2516 militum
513 2450 711 2517 detrimento
742 2460 923 2515 noceretur.
981 2450 1130 2515 Dimittit
1158 2452 1202 2516 ad
1233 2449 1420 2517 finitimass

168 2527 292 2643 {afflin‘
337 2556 486 2621 civitates
509 2556 644 2622 nuntios
661 2554 800 2621 Caesar:
822 2575 938 2620 omnes
956 2565 1076 2620 evocat
1099 2574 1158 2639 spe
1179 2557 1326 2638 praedae
1346 2558 1392 2621 ad

170 2657 302 2708 invitedto
337 2659 539 2743 diripiendos
562 2660 746 2737 Eburones,
762 2669 799 2723 ut
822 2659 935 2742 potius
956 2659 990 2722 in
1013 2658 1103 2723 silvis
1125 2658 1299 2724 Gallorum
1321 2662 1392 2725 vita

169 2722 325 2839 qqetqqunder
337 2781 438 2846 quarn
467 2763 665 2848 legionarius
695 2764 790 2827 miles
822 2762 1034 2848 periclitetur,
1064 2761 1161 2826 simul
1198 2772 1236 2827 ut
1267 2784 1392 2847 magna

169 2856 304 2905 Eburones
338 2866 550 2933 multitudine
565 2866 762 2934 circumfusa
776 2886 838 2951 pro
851 2865 911 2931 tali
930 2866 1074 2931 facinore
1092 2866 1190 2951 stirps
1205 2885 1245 2932 ac
1268 2888 1391 2932 nomen

338 2970 481 3036 civitatis
510 2971 654 3037 tollatur.
700 2972 845 3055 Magnus
875 2971 1020 3053 undique
1055 2990 1211 3037 numerus
1241 2972 1420 3043 celeriters

337 3076 496 3141 convenit.

170 3193 224 3242 'rte
382 3178 476 3244 Haec
492 3180 526 3243 in
541 3180 692 3245 omnibus
709 3178 903 3244 Eburonum
919 3178 1069 3262 partibus
1083 3178 1293 3263 gerebantur,
1302 3180 1390 3245 dies-
1403 3199 1445 3253 ss

170 3259 292 3307 German·
339 3304 404 3367 que
433 3284 614 3369 appetebat
650 3285 819 3369 septimus,
848 3304 948 3367 quem
985 3284 1030 3347 ad
1065 3284 1154 3348 diem
1184 3281 1309 3348 Caesar
1345 3286 1391 3350 ad

168 3332 307 3454 qqqqnpgiqo
338 3388 574 3471 impedimenta
610 3388 842 3473 legionemque
878 3388 996 3452 reverti
1032 3388 1259 3452 constituerat
1314 3388 1419 3467 Hier

170 3454 270 3570 ἓξὲξ
337 3503 498 3576 quantum
514 3492 547 3557 in
561 3492 649 3557 bello
664 3490 796 3557 fortuna
814 3492 919 3574 possit
936 3500 970 3555 et
985 3501 1129 3574 quantos
1146 3491 1265 3557 afferat
1285 3512 1393 3572 casus,

169 3586 325 3701 ffiffl,
338 3598 494 3680 cognosci
522 3596 643 3680 potuit.
689 3596 867 3681 Dissipatis
890 3616 930 3661 ac
959 3595 1140 3681 perterritis
1168 3594 1332 3675 hostibus,
1356 3607 1420 3671 uta

169 3730 252 3781 camp,
338 3700 645 3778 demonstravimus,
668 3720 786 3767 manus
808 3711 880 3766 erat
901 3698 999 3779 nulla,
1019 3720 1105 3782 quae
1126 3719 1264 3784 parvam
1289 3702 1393 3766 modo

338 3824 471 3869 causam
494 3804 623 3871 timoris
644 3804 784 3871 afferret.
829 3804 938 3869 Trans
959 3804 1116 3869 Rhenum
1138 3804 1182 3867 ad
1205 3802 1421 3874 Gennanosr

371 3967 385 4024 ς
406 3978 429 4027 3.
444 3968 650 4015 moinimibus.
683 3963 849 4016 Abstmctlor
865 3972 986 4025 concrete,
1003 3980 1032 4014 as
1049 3964 1075 4014 in
1092 3964 1134 4016 tbe
1152 3979 1209 4015 case
1226 3965 1258 4015 oi
1272 3980 1320 4016 our
1333 3980 1393 4015 orm

337 4030 408 4082 word
418 4032 425 4057 ‘
436 4028 673 4097 neighbourhooda'
