2984 4992
338 519 397 597 164
524 528 529 558 ¹
681 522 835 602 amm
856 526 1046 579 CAESARIS
1303 528 1342 595 [a
1355 544 1391 594 4-

336 687 564 771 magnitudine
595 706 655 770 per
686 688 817 754 medios
842 686 927 776 lines
955 688 1175 753 Treuerorum
1202 708 1225 753 a
1250 688 1388 754 flumine

336 791 456 855 Rheno
485 792 536 857 ad
560 791 691 857 initium
724 766 1245 895 Remorum(pen1ns3bellum
1270 813 1387 875 parare

336 894 486 959 instituit.
540 888 645 1065 &edu
641 903 857 978 posteaquam
891 878 1049 984 nonnulli
1076 895 1243 978 principes
1270 916 1317 959 ex
1347 916 1416 967 eas

335 1000 471 1065 civitate
490 1009 525 1064 et
555 998 768 1065 amiliaritate
783 977 1007 1083 Cingetorigis
1028 999 1167 1064 adducti
1186 1007 1222 1063 et
1240 999 1388 1064 adventu
1490 1011 1491 1014 ’

336 1106 440 1168 nostri
462 1116 544 1169 exer
562 1104 629 1167 itus
652 1103 818 1185 perterriti
840 1103 884 1167 ad
908 1097 1087 1172 Caesarem
1105 1113 1268 1168 venerunt
1288 1113 1323 1167 et
1344 1104 1390 1168 de

335 1202 404 1267 suis
431 1204 540 1286 privat
611 1202 708 1269 rebus
734 1202 779 1265 ab
803 1224 846 1269 eo
870 1212 983 1286 petere
1011 1209 1202 1285 coeperunt,
1226 1202 1388 1285 quoniam

165 1310 275 1377 reigned
335 1306 462 1374 civitati
487 1306 658 1371 consulere
679 1326 745 1371 non
773 1304 932 1389 possent,
940 1306 1075 1391 veritus
1096 1325 1138 1370 ne
1163 1307 1207 1371 ab
1232 1306 1390 1372 omnibus

163 1377 311 1494 mg&
334 1410 547 1489 desereretur,
570 1410 818 1477 Indutiomarus
840 1388 969 1494 legatos
990 1411 1034 1474 ad
1058 1409 1234 1475 Caesarem
1263 1412 1388 1475 mittit:

163 1522 253 1559 mam.
335 1519 423 1580 ‘sese
447 1514 569 1581 idcirco
593 1516 638 1580 ab
662 1516 731 1579 suis
754 1514 925 1580 discedere
953 1523 1055 1597 atque
1089 1515 1134 1579 ad
1165 1534 1243 1579 eum
1273 1516 1415 1579 venires
1491 1588 1492 1591 Ἴ

333 1617 486 1693 noluisse,
515 1638 581 1701 quo
611 1597 739 1683 facilius
776 1619 945 1683 civitatem
981 1620 1015 1683 in
1051 1618 1159 1684 officio
1193 1620 1388 1697 contineret
1491 1604 1492 1611 ἵ

333 1741 376 1785 ne
397 1742 475 1787 omn
598 1721 714 1788 rlitatis
740 1722 886 1789 discessu
912 1721 1006 1805 plebs
1032 1733 1168 1829 propter
1191 1722 1387 1805 impruden-

332 1826 414 1891 tiam
428 1722 660 1946 ὥ
650 1827 763 1909 itaque
784 1847 856 1891 esse
875 1824 1047 1893 civitatem
1069 1828 1102 1892 ln
1126 1847 1186 1891 sua
1208 1837 1413 1909 potestate?

262 1978 266 1986 .
332 1950 478 2013 seseque,
515 1931 543 1995 si
581 1929 703 1997 Caesar
746 1930 962 2014 permitteret,
999 1932 1043 1995 ad
1079 1950 1156 1995 eum
1201 1931 1236 1995 in
1277 1941 1388 1997 castra

331 2043 519 2113 venturum,
546 2054 623 2101 suas
659 2034 867 2117 civitatisque
903 2033 1051 2099 fortunas
1088 2035 1159 2100 eius
1191 2034 1272 2099 fidei
1309 2056 1385 2119 per-
1491 2110 1492 2121 χ

331 2137 526 2203 missurum!

376 2242 508 2321 Caesar,
524 2243 586 2307 etsi
610 2242 835 2325 intellegebat,
850 2262 916 2325 qua
937 2243 981 2308 de
1002 2262 1102 2307 causa
1123 2263 1164 2308 ea
1185 2242 1417 2325 dicerentur,4

330 2366 480 2430 quaeque
496 2368 573 2414 eum
589 2367 640 2413 res
659 2346 702 2413 ab
722 2347 878 2412 instituto
892 2346 1033 2413 consilio
1048 2347 1241 2418 deterreret,
1257 2359 1384 2431 tamen,

330 2472 371 2517 ne
394 2462 556 2517 aestatem
579 2452 613 2515 in
636 2450 789 2517 Treveris
811 2469 1005 2518 consumere
1027 2462 1203 2534 cogeretur
1224 2454 1383 2519 omnibus
1491 2458 1492 2469 ¹

328 2558 372 2621 ad
389 2556 615 2623 Britannicum
631 2554 757 2621 bellum
779 2558 875 2620 rebus
890 2555 1099 2637 comparatis,
1114 2555 1381 2623 Indutiomarum

317 2660 371 2772 (ad
392 2679 428 2724 se
446 2680 522 2725 curn
541 2672 586 2724 cc
606 2659 779 2725 obsidibus
802 2659 915 2723 venire
934 2659 1038 2723 iussit.
1082 2658 1148 2733 His
1166 2659 1330 2738 adductis,
1346 2662 1408 2724 in²

313 2762 368 2853 Iriis
396 2761 464 2827 filio
496 2764 758 2846 propinquisque
783 2763 854 2827 eius
878 2763 1045 2843 omnibus,
1068 2782 1153 2845 quos
1177 2764 1380 2829 nominatim

327 2875 531 2963 eme-agerat,
552 2867 745 2945 ‚consolatus
776 2866 1041 2931 Indutiomarum
1061 2864 1289 2983 hortatusque
1319 2878 1380 2951 ert,
1491 2902 1492 2911 ι

327 2970 376 3033 uti
401 2970 434 3033 in
456 2968 567 3035 officio
590 2980 756 3046 maneret3
786 2968 891 3043 nihilo
908 2979 1022 3034 tamen
1031 2956 1410 3137 Qprincipibuss

1108 3094 1154 3139 rm

325 3073 545 3139 Treverorum
561 3073 604 3139 ad
620 3094 657 3137 se
672 3074 862 3139 convocatis
884 3071 946 3138 hos
961 3073 1091 3176 singilla
1170 3072 1380 3161 Cingetorigi

325 3178 524 3252 conciliavit,
540 3168 666 3263 quod
652 3198 726 3263 cum
743 3178 862 3242 merito
884 3172 955 3241 'eius
970 3198 991 3241 a
1005 3196 1041 3241 se
1059 3176 1131 3242 fieri
1152 3179 1405 3265 intellegebat,
1491 3190 1492 3199 ³

325 3293 398 3349 tum
414 3282 524 3365 magni
541 3282 696 3347 interesse
712 3258 983 3346 arbitrabatur
953 3303 1023 3346 erus
1044 3284 1277 3349 auctoritatem
1293 3286 1379 3350 inter

325 3408 402 3451 suos
425 3406 525 3475 QUI
549 3385 728 3468 plurimum
751 3385 869 3465 valere,
884 3386 977 3450 cuius
999 3394 1069 3451 tam
1092 3388 1260 3472 egregiam
1286 3390 1379 3454 inse
1491 3398 1492 3401 ’

325 3491 531 3555 voluntatem
548 3489 785 3572 perspexisset.
823 3489 864 3553 Id
880 3490 959 3554 tulit
974 3489 1099 3555 iactum
1113 3492 1259 3574 graviter
1275 3493 1407 3559 Indu-4
1491 3476 1492 3489 ,

325 3594 494 3673 tiomarus,
524 3613 618 3659 suam
642 3593 786 3677 gratiam
811 3593 896 3658 inter
919 3613 996 3659 suos
1020 3594 1134 3674 minui,
1160 3604 1206 3677 et,
1229 3596 1375 3679 quiiam

324 3707 402 3762 ante
429 3698 564 3763 inimico
589 3698 622 3761 in
646 3717 706 3762 nos
731 3697 845 3761 animo
870 3694 994 3776 luisset,
1021 3697 1128 3803 multo
1138 3700 1316 3811 gravius
1299 3700 1376 3805 ²h⁰‚⁰
1490 3717 1491 3794 l

324 3799 439 3865 dolore
454 3802 588 3867 exarsit.

156 3916 280 3981 Artage-
371 3904 436 3969 His
463 3905 558 3970 rebus
582 3906 774 3971 constitutis
797 3904 921 3970 Caesar
944 3907 987 3971 ad
1013 3916 1146 3989 portum
1172 3906 1276 3972 Itium
1297 3916 1410 3971 cumo

155 3984 289 4033 'mh‘
326 4006 511 4093 legionibus
538 4010 695 4094 pervenit
743 4010 796 4074 Ibi
822 4010 994 4093 cognoscit
1020 4023 1072 4075 Lx
1096 4030 1208 4091 naves,
1230 4030 1315 4095 quae
1335 4010 1403 4074 ina
1491 4082 1492 4085 Ἴ
