2984 4992
117 578 160 625 28.
173 575 200 642 3]
344 576 397 626 DE
419 574 542 627 BELLO
568 574 735 627 GALLICO.
788 575 857 627 ΗΒ.
887 576 941 626 VII
1106 567 1167 647 265

115 737 184 800 tiae
208 747 310 821 atque
338 738 382 802 ad
409 738 523 802 omnia
553 737 715 802 imitanda
738 744 773 800 et
800 737 982 816 efficienda,
1006 758 1093 821 quae
1123 740 1285 829 abquboth

89 860 250 924 aquoque
271 842 455 919 traduntur,
476 841 694 923 aptissimum.
738 840 829 905 Nam
852 849 886 905 et
913 840 1039 925 laqueis
1065 842 1168 908 falces
1179 818 1252 869 ⁵¹⁶⁶·

116 944 321 1023 avertebant,
334 965 418 1028 quas
441 964 518 1008 cum
539 944 798 1021 destinaverant,
815 946 987 1009 tormentis
1008 945 1167 1010 introrsus

116 1048 326 1125 reducebant,
342 1056 376 1112 et
391 1068 548 1131 aggerem
569 1047 726 1113 cuniculis
737 1048 987 1129 subtrahebant,
1003 1070 1044 1114 eo
1066 1051 1168 1115 scien-

116 1152 190 1226 tius,
204 1154 296 1234 quod
318 1154 411 1234 apud
431 1172 489 1215 eos
510 1172 652 1235 magnae
675 1160 752 1216 sunt
771 1152 923 1216 ferrariae
944 1163 1047 1235 atque
1069 1173 1167 1219 omne

89 1274 222 1337 agenus
244 1256 470 1320 cuniculorum
492 1266 608 1320 notum
630 1265 732 1338 atque
753 1254 913 1321 usitatum
935 1267 996 1323 est.
1042 1256 1167 1321 Totum

116 1369 229 1423 autem
254 1380 384 1424 mumm
406 1382 450 1425 ex
473 1360 562 1425 omni
584 1369 679 1443 parte
703 1361 849 1424 turribus
875 1360 1169 1426 contabulaverant

89 1473 219 1545 4atque
240 1464 301 1528 has
323 1464 418 1529 coriis
439 1465 639 1529 intexerant.
684 1464 772 1528 Tum
794 1464 916 1529 crebris
939 1464 1062 1529 diurnis
1088 1485 1166 1530 noc·

117 1566 288 1649 tumisque
310 1568 536 1651 eruptionibus
558 1577 617 1633 aut
638 1567 750 1651 aggeri
773 1568 884 1650 ignem
906 1566 1089 1633 inserebant
1110 1578 1168 1631 aut

117 1670 239 1735 milites
266 1681 447 1753 occupatos
471 1672 506 1735 in
528 1689 630 1754 opere
652 1671 888 1736 adoriebantur
917 1681 951 1737 et
980 1682 1166 1737 nostrarum

116 1775 254 1839 turrium
276 1775 497 1853 altitudinem,
512 1784 673 1859 quantum
694 1774 756 1840 has
778 1775 966 1841 cotidianus
987 1796 1089 1860 agger
1108 1796 1167 1839 ex-

117 1887 290 1960 presserat,
306 1880 489 1944 commissis
502 1900 637 1944 suarum
657 1879 795 1943 turrium
814 1879 907 1944 malis
925 1881 1168 1962 adaequabant,

91 1992 150 2052 set
161 1992 296 2067 apertos
307 1983 476 2048 cuniculos
490 1994 646 2066 praeusta
660 1997 695 2049 ct
707 1992 883 2066 praeacuta
899 1984 1037 2048 materia
1049 1993 1082 2049 et
1095 1985 1168 2066 pice

117 2084 294 2151 fervefacta
309 2097 345 2151 et
362 2087 501 2151 maximi
520 2087 675 2170 ponderis
697 2087 789 2151 saxis
807 2088 1020 2151 morabantur
1042 2088 1167 2151 moeni-

117 2192 244 2273 busque
259 2192 526 2274 appropinquare
540 2190 771 2273 prohibebant.

69 2305 107 2358 23
159 2294 248 2358 Muri
284 2302 397 2358 autem
429 2314 548 2359 omnes
582 2293 701 2359 Gallici
733 2295 797 2360 hac
834 2294 901 2359 sere
938 2291 1044 2358 forma
1080 2303 1166 2359 sunt
1180 2307 1264 2358 Gallie

119 2400 245 2465 Trabes
283 2402 428 2465 directae
465 2408 646 2483 perpetuae
683 2400 718 2463 in
755 2399 995 2483 longitudinem
1033 2400 1166 2488 paribus
1180 2373 1259 2423 ”¹¹⁸¹

119 2504 305 2583 intervallis,
319 2505 481 2570 distantes
502 2505 589 2568 inter
610 2523 647 2568 se
669 2502 764 2567 binos
786 2502 902 2588 pedes,
919 2502 952 2566 in
969 2502 1042 2567 solo
1064 2503 1166 2567 collo·

95 2618 241 2672 scantur.
290 2608 368 2672 Hae
402 2609 622 2672 revinciuntur
650 2608 810 2671 introrsus
844 2616 879 2672 et
910 2606 1015 2670 multo
1046 2626 1168 2691 aggere

119 2714 318 2789 vestiuntur3
343 2732 383 2776 ea
397 2722 521 2790 autern,
532 2732 617 2795 quae
632 2712 787 2788 diximus,
801 2710 972 2775 intervalla
988 2712 1168 2794 grandibus

94 2816 151 2884 sin
181 2818 290 2881 fronte
322 2818 415 2881 saxis
444 2816 663 2881 effarciuntur.
709 2816 774 2879 His
804 2813 973 2880 collocatis
1004 2827 1038 2880 et
1067 2836 1168 2899 coag-

120 2923 275 2987 mentatis
312 2922 394 2986 alius
430 2921 564 3004 insuper
601 2922 684 2985 ordo
719 2920 862 2995 additur,
895 2929 932 2985 ut
965 2919 1053 2983 idem
1086 2920 1166 2985 illud

120 3024 324 3090 intervallum
350 3035 506 3101 servetur,
530 3045 638 3109 neque
663 3025 749 3089 inter
771 3044 807 3087 se
830 3025 1027 3108 contingant
1049 3024 1168 3102 trabes,

152 3224 202 3279 §a
218 3223 368 3271 cuniculia
394 3220 551 3284 mann.
666 3219 829 3285 scaffolding!

150 3288 291 3337 femmae.
325 3286 373 3351 Cp.
386 3284 524 3336 ‘aerarim’
536 3288 561 3335 in
577 3285 613 3337 iii.
702 3290 747 3349 55.
757 3288 1031 3343 apamenumomoa
1045 3282 1168 3351 ‘apertos'

121 3356 249 3468 ‘ziffl’
269 3351 617 3467 'Petbmp‘os‘tanoeirmmbig
667 3352 925 3467 ffthesmfpssst
944 3354 1072 3465 verbanot
1091 3350 1122 3429 o(
1136 3366 1167 3399 an

119 3432 440 3547 hutobesi⁸ppti2d⁸ivrrh
458 3432 617 3532 bollenw'l'he
667 3424 810 3542 anilssmdic.
849 3430 1169 3557 Miirinogpenuirdmiiaiinbltle}3

120 3545 181 3596 lom
198 3547 345 3599 ‘terraram’
361 3564 414 3598 vas
429 3548 491 3598 used
507 3549 540 3611 by
552 3547 617 3599 Cato
666 3547 764 3611 mining
785 3563 826 3597 are
847 3548 956 3597 familiar
977 3548 1118 3611 operatium
1143 3562 1168 3596 ur

120 3627 147 3660 as
161 3614 253 3676 quoted
269 3615 302 3677 by
320 3612 401 3663 Aulus
417 3613 523 3674 Gellius,
538 3612 565 3662 ii.
577 3626 617 3674 aa,
668 3614 767 3663 Roman
786 3612 896 3676 military
914 3614 1018 3675 hlstory.
1051 3612 1099 3675 Cp.
1112 3610 1168 3663 le.

121 3681 183 3743 ⁵²9·
667 3679 736 3728 xxiii.
755 3679 792 3739 18,
813 3684 825 3738 5
839 3693 855 3743 9
872 3678 1032 3729 ‘transversis
1049 3676 1169 3727 cuniculis

152 3748 199 3809 §4
217 3746 521 3795 commissis...malls.
548 3750 617 3794 ‘ma·
667 3744 778 3793 hostium
805 3744 934 3793 cuniculos
960 3740 1089 3808 excipere‚’
1118 3743 1168 3793 and

119 3807 162 3857 lis’
173 3811 194 3859 is
205 3810 269 3861 from
282 3808 393 3870 ‘malua‘
404 3808 524 3859 tberrord
535 3810 617 3860 which
667 3808 767 3860 xxxviii.
790 3822 804 3871 7
820 3813 827 3837 ⁴
838 3844 844 3857 .
856 3844 863 3856 .
877 3845 882 3857 .
895 3810 1008 3874 pluribus
1025 3809 1089 3858 locla
1108 3823 1168 3858 aure

120 3889 203 3923 means
216 3892 232 3925 a
247 3884 319 3925 mast
357 3874 425 3925 Here
440 3875 461 3924 lt
474 3891 560 3925 means
574 3875 617 3925 the
666 3875 779 3934 admota,
792 3877 900 3924 sonitum
918 3874 1065 3925 fodientium
1083 3882 1168 3939 capta·

121 3940 218 4004 uprigbt
239 3942 312 3991 bearn
339 3940 421 3991 which
450 3941 546 3991 formed
575 3940 617 3991 the
666 3940 734 3990 bant.
753 3940 834 4003 Quem
842 3940 885 3989 ubi
893 3947 1046 4006 accepmunt,
1055 3940 1168 4005 aperiunt

121 4019 205 4054 corner
233 4008 263 4056 ol
291 4007 333 4056 the
361 4014 446 4057 toves.
485 4006 616 4057 Translate
666 4005 948 4057 sectamincunlculnm
959 4006 1041 4057 viana'

124 4069 185 4119 ‘aad
206 4070 239 4135 by
260 4072 355 4136 adding
375 4072 441 4124 fresh
467 4071 566 4137 lengths
588 4072 619 4122 oi
