2984 4992
344 552 398 603 DE
420 550 543 603 BELLO
569 551 736 604 GALLICO.
789 552 860 603 LIB.
890 552 917 600 V
1100 558 1158 621 193

114 710 172 775 bus
196 732 250 790 res
280 713 324 779 ad
355 714 557 797 paucitatem
588 712 802 779 defensorum
830 724 1035 796 pervenerat,
1060 724 1158 780 tanto
1171 729 1279 793 brought
1289 736 1318 778 to

113 808 288 884 crebriores
310 815 440 883 litterae
462 818 635 901 nuntiique
656 818 699 882 ad
716 817 894 884 Caesarem
918 818 1156 898 mittebantur3

113 936 251 1000 quorum
276 941 354 1003 pars
375 920 580 1005 deprehensa
601 922 635 985 in
659 932 840 1006 conspectu
862 932 1049 987 nostrorum
1073 923 1159 987 mili-

88 1047 98 1080 2
113 1034 182 1087 tum
196 1044 281 1091 cum«
295 1026 442 1091 cruciatu
463 1025 653 1091 necabatur.
699 1025 783 1090 Erat
803 1044 889 1089 unus
906 1027 994 1090 intus
1017 1027 1158 1091 Nervius

112 1128 242 1211 nomine
265 1123 412 1211 Vertico,
427 1130 504 1195 loco
525 1138 624 1193 natus
646 1131 800 1203 honesto,
816 1131 874 1211 qui
897 1150 917 1194 a
940 1130 1049 1213 prima
1069 1132 1158 1195 obsi-

1170 796 1270 847 Caesar.

112 1232 209 1297 dione
228 1233 271 1296 ad
289 1232 484 1304 Ciceronem
504 1232 690 1316 perfugerat
710 1252 873 1315 suamque
892 1234 923 1298 ei
945 1233 1046 1299 fidem
1064 1254 1158 1317 prae-
1193 1164 1307 1297 wal*

86 1335 249 1400 astiterat.
295 1336 363 1402 Hic
381 1357 476 1403 servo
493 1358 553 1420 spe
575 1337 739 1403 libertatis
763 1338 960 1421 magnisque
982 1319 1160 1421 persua'fiet

85 1436 272 1521 4pfaemiis,
290 1450 329 1505 ut
350 1439 477 1507 litteras
498 1441 543 1507 ad
568 1439 745 1507 Caesarem
767 1441 905 1505 delerat.
951 1440 1026 1507 Has
1048 1440 1103 1505 ille
1125 1442 1160 1505 in

112 1543 215 1608 iaculo
242 1542 389 1627 illigatas
413 1544 506 1609 effert
531 1554 565 1609 et
592 1542 709 1610 Gallus
735 1544 822 1610 inter
847 1544 964 1611 Gallos
990 1546 1063 1609 sine
1092 1542 1160 1609 ulla

86 1648 295 1730 ssuspicione
315 1658 465 1715 versatus
486 1649 530 1715 ad
554 1648 730 1715 Caesarem
757 1648 916 1731 pervenit.
971 1648 1094 1714 Abeo
1118 1649 1160 1714 de

111 1751 260 1833 periculis
283 1740 451 1817 Ciceronis
473 1751 679 1835 legionisque
700 1752 920 1835 cognoscitur.

55 1853 94 1906 46
154 1852 278 1919 Caesar
306 1856 450 1939 acceptis
479 1854 596 1921 litteris
622 1856 704 1921 hora
731 1855 861 1920 circiter
883 1870 925 1921 xl
951 1856 1018 1921 diei
1044 1858 1159 1923 statim
1172 1864 1299 1913 Mensura

90 1959 262 2029 ¹nuntium
300 1960 333 2024 in
371 1959 564 2026 Bellovacos
600 1961 643 2025 ad
680 1958 728 2025 Μ.
761 1958 917 2026 Crassum
946 1970 1158 2043 quaestorem
1170 1928 1329 2045 {ffiffifthe

112 2061 222 2142 mittit,
237 2062 331 2129 cuius
346 2063 485 2128 hiberna
502 2064 641 2129 aberant
656 2064 700 2127 ab
718 2083 760 2127 eo
775 2063 867 2129 milia
885 2085 1043 2148 passuum
1059 2062 1288 2144 xxv381fflwss·
1303 2118 1308 2127 .

87 2184 98 2217 ²
112 2166 200 2233 iubet
216 2168 327 2233 media
341 2176 439 2233 nocte
454 2168 620 2252 legionem
643 2166 807 2250 proficisci
824 2168 1040 2251 celeriterque
1059 2170 1103 2234 ad
1123 2191 1160 2234 se

87 2271 226 2337 evenire.
275 2271 360 2337 Exit
373 2292 450 2337 cum
470 2274 589 2337 nuntio
610 2271 757 2337 Crassus
802 2271 959 2337 Alterum
976 2276 1021 2339 ad
1038 2273 1159 2338 Gaium

112 2374 253 2445 Fabium
268 2374 417 2458 legatum
432 2378 545 2454 mittit,
562 2385 599 2440 ut
617 2376 651 2443 in
665 2376 881 2441 Atrebatium
897 2375 979 2441 fines
994 2376 1159 2460 legionem

85 2480 264 2562 4adducat,
275 2500 343 2562 qua
352 2480 414 2547 sibi
426 2481 685 2549 iterfacienduru
695 2482 831 2545 sciebat.
863 2480 986 2547 Scribit
998 2481 1158 2554 Labieno,

111 2582 137 2645 si
158 2584 204 2648 rei
226 2583 382 2667 publicae
405 2586 584 2649 commodo
605 2584 712 2650 faeere
734 2593 859 2667 posset,
874 2604 951 2648 cum
972 2583 1101 2668 legione
1114 2586 1158 2649 ad

112 2684 191 2751 fines
217 2688 420 2754 Nerviorum
449 2690 567 2754 veniat.
623 2688 802 2770 Reliquam
826 2697 956 2769 partem
985 2689 1159 2764 exercitus,

111 2795 197 2871 quod
225 2793 329 2878 paulo
351 2794 468 2857 aberat
493 2792 632 2876 longius,
655 2812 722 2857 nou
747 2803 845 2875 putat
874 2794 1159 2877 exspectandam

48 2883 54 2898 ‘
111 2897 235 2977 equites
269 2897 397 2963 circiter
432 2898 696 2980 quadringentos
733 2916 778 2959 ex
814 2896 977 2979 proximis
1013 2897 1158 2961 hibernis

87 2998 242 3091 ,suffigit

57 3108 94 3167 47
154 3104 249 3171 Hora
286 3104 415 3170 circiter
451 3104 548 3171 tertia
584 3105 628 3169 ab
666 3104 931 3170 antecursoribus
967 3105 1011 3168 de
1049 3104 1158 3170 Crassi

111 3208 254 3275 adventu
270 3208 390 3273 certior
406 3207 512 3274 lactus
528 3229 568 3273 eo
583 3210 638 3273 die
655 3207 746 3273 milia
761 3228 919 3292 passuum
932 3222 985 3271 xx
1000 3209 1160 3292 procedit.

87 3310 267 3377 acrassum
292 3311 547 3377 Samarobrivae
574 3311 723 3397 praeficit
746 3311 978 3395 legionemque
999 3310 1159 3388 attribuit,

111 3420 197 3496 quod
220 3417 267 3482 ibi
293 3416 531 3499 impedimenta
554 3417 728 3490 exercitus,
750 3415 885 3480 obsides
906 3415 1090 3494 civitatum,
1105 3414 1159 3479 lit·

111 3528 196 3584 teras
211 3521 362 3605 publicas
383 3522 654 3603 frumentumque
674 3539 782 3597 omne,
797 3520 888 3601 quod
908 3539 949 3582 eo
967 3519 1160 3583 tolerandae

85 3621 225 3689 thiemis
240 3645 341 3689 causa
357 3625 550 3703 devexerat,
565 3624 782 3706 relinquebat.
820 3622 953 3703 Fabius,
967 3632 1005 3686 ut
1020 3623 1159 3705 impera·

142 3788 187 3835 46.
205 3792 218 3845 ς
238 3800 260 3838 1.
280 3790 369 3838 abeo.
403 3787 496 3837 Caesar
509 3786 615 3837 himself
693 3789 737 3838 47.
769 3790 782 3845 ἦ
814 3799 836 3835 a.
868 3788 1031 3835 tolerandae
1058 3788 1161 3836 hiemis

110 3863 215 3914 appears
233 3860 262 3903 to
282 3852 346 3903 bave
366 3853 428 3903 been
451 3858 478 3903 at
496 3852 611 3903 Samaro-
661 3866 753 3929 eausa.
789 3850 931 3929 Thensarne
949 3851 1039 3917 phrase
1060 3851 1161 3929 lauacri

110 3912 185 3969 briva.
214 3918 610 3983 Cp.a4‚51;47‚§r;53‚§3.
663 3916 1162 3994 bylirrtius(ml.53§1)oihnmedly

143 3985 162 4039 i.
176 3996 199 4047 3.
223 3986 411 4034 Atrebatium.
448 3986 478 4035 In
496 3984 547 4034 viii.
567 3994 610 4049 47,
663 3982 821 4033 constructori
842 3982 976 4048 buildings.
1009 3983 1057 4071 Cp.
1078 3984 1095 4035 i.
1121 3983 1160 4042 28,

111 4049 124 4105 i
138 4059 159 4106 2,
172 4063 229 4113 gen.
241 4050 278 4115 pl.
291 4048 472 4101 ‘Atrebatum'
664 4054 678 4109 5
691 4062 706 4113 3
717 4051 782 4115 ‘qao
793 4049 885 4099 samem
895 4048 1035 4100 tolerarent.

151 4128 197 4171 θ’
627 4148 651 4201 0
