2984 4992
319 569 359 632 74
666 560 695 614 c.
720 559 817 611 ιυιι]
840 557 1027 612 cssssnts
1283 559 1324 626 [a
1340 573 1372 610 1.

151 737 307 802 mssetgse
363 719 422 785 Ab
446 720 499 784 bis
528 719 644 785 castris
672 718 834 803 oppidum
865 717 1048 786 Remorum
1077 718 1212 784 nomine
1241 718 1404 786 Bioraxe

150 804 233 854 “mk
319 824 435 889 aberat
451 824 542 890 milia
557 843 714 908 passuum
730 831 817 888 octo.
856 823 896 888 ld
912 843 957 888 ex
971 824 1089 888 itinere
1103 841 1227 906 magno
1241 823 1370 906 impetu

152 869 249 919 Bibrax.

321 927 445 1012 Belgae
466 947 660 1011 oppugnare
686 937 879 1011 coeperunt
923 926 1038 1011 Aegre
1059 947 1101 991 eo
1124 928 1179 993 die
1200 936 1371 992 sustenta·

152 1048 228 1096 Mode
320 1039 391 1098 tum
415 1041 474 1096 est.
520 1029 691 1098 Gallorum
709 1031 827 1096 esdem
845 1041 949 1113 atque
967 1031 1145 1115 Belgarum
1161 1031 1399 1114 oppugnatios

150 1113 297 1242 ξζξζξὼ
319 1145 369 1202 est
394 1135 486 1200 haec.
534 1135 602 1200 Ubi
625 1135 837 1200 circumiecta
860 1134 1074 1200 multitudine
1095 1135 1268 1200 hominum
1289 1135 1372 1200 totis

151 1243 292 1294 sannam
319 1241 495 1306 moenibus
519 1240 667 1320 undique
691 1239 725 1302 in
752 1259 884 1305 murum
907 1238 1036 1322 lapides
1058 1238 1122 1304 iaci
1149 1240 1261 1323 coepti
1290 1250 1371 1304 sunt

152 1307 275 1372 Betglms
320 1364 498 1427 murusque
535 1341 766 1408 defensoribus
803 1345 947 1408 nudatus
984 1351 1044 1418 est,
1075 1343 1243 1409 testudine
1279 1341 1371 1408 lacta

317 1447 460 1532 [portas]
488 1448 670 1512 succedunt
700 1465 898 1528 murumque
929 1447 1100 1512 subruunt
1155 1445 1259 1530 Quod
1294 1456 1400 1520 tum3

316 1552 411 1620 facile
426 1551 537 1618 fiebat
582 1551 671 1616 Nam
687 1571 763 1616 cum
782 1561 877 1616 tanta
897 1550 1077 1616 multitudo
1098 1549 1229 1634 lapides
1246 1570 1287 1615 ac
1301 1549 1371 1616 tela

317 1656 512 1736 coniectent,
542 1655 576 1720 in
614 1674 709 1720 muro
745 1655 947 1720 consistendi
982 1663 1133 1736 potestas
1170 1663 1242 1719 erat
1275 1653 1370 1718 nulli.

319 1759 405 1826 Cum
435 1758 535 1824 finem
567 1759 785 1843 oppugnandi
813 1777 884 1822 uox
912 1759 1055 1836 iecisset,
1084 1757 1191 1822 Iccius
1228 1757 1402 1836 Remus,4

316 1883 447 1928 summa
468 1862 642 1928 nobilitate
664 1873 699 1929 et
722 1864 830 1946 gratia
851 1862 936 1928 inter
956 1883 1044 1940 suos,
1065 1862 1123 1944 qui
1146 1871 1220 1928 tum
1241 1863 1371 1945 oppido

317 1967 511 2050 praefuerat,
527 1987 611 2030 unus
627 1987 671 2030 ex
694 1967 743 2042 iis,
760 1967 817 2048 qui
833 1957 943 2051 legati
955 1967 999 2031 de
1018 1986 1102 2049 pace
1123 1967 1168 2031 ad
1189 1966 1371 2033 Caesarem

316 2081 485 2150 venerant,
504 2073 658 2137 nuntium
678 2072 722 2136 ad
745 2091 821 2136 eum
844 2071 967 2136 mittit:
994 2071 1074 2135 ‘nisi
1096 2069 1282 2136 subsidium
1304 2070 1370 2134 sibi

318 2175 542 2248 submittatur,
558 2193 631 2239 sese
646 2174 770 2239 diutius
784 2176 948 2240 sustinere
964 2194 1030 2240 non
1046 2171 1165 2258 posse.’

150 2302 269 2352 Retiefor
367 2279 419 2344 Eo
440 2279 483 2344 de
507 2281 617 2345 media
639 2287 738 2344 nocte
761 2277 886 2344 Caesar
903 2279 1020 2346 iisdem
1042 2280 1183 2346 ducibus
1200 2299 1292 2356 usus,
1309 2279 1404 2362 qui't

149 2367 248 2418 mm·
318 2385 425 2450 nuntii
440 2384 485 2448 ab
504 2383 592 2448 iccio
611 2393 781 2462 venerant,
795 2383 960 2449 Numidas
981 2393 1016 2448 et
1035 2382 1154 2450 Cretas
1176 2384 1372 2466 sagittarios

317 2497 352 2553 et
366 2488 547 2554 funditores
563 2487 719 2554 Baleares
732 2486 883 2552 subsidio
893 2488 1070 2572 oppidanis
1082 2488 1186 2553 mittit
1199 2509 1208 2568 ;
1223 2507 1368 2570 quorum
1383 2525 1397 2564 2

315 2593 460 2658 adventu
487 2602 522 2657 et
549 2591 664 2658 Remis
694 2610 771 2657 eum
800 2611 862 2674 spe
890 2591 1093 2658 defensionis
1115 2591 1264 2658 studium
1287 2611 1367 2674 pro·

314 2696 486 2781 pugnandi
517 2697 664 2775 accessit,
694 2705 729 2762 et
757 2695 910 2761 hostibus
938 2697 1057 2762 eadem
1086 2697 1130 2762 de
1159 2715 1260 2762 causa
1290 2715 1369 2779 spes

348 2883 375 2931 θ.
390 2884 403 2940 5
418 2893 439 2930 1.
457 2883 572 2930 Bibrax
605 2879 660 2930 Not
676 2879 817 2930 tobecon·
864 2880 994 2931 described
1009 2881 1042 2944 by
1052 2880 1117 2945 Livy
1133 2881 1227 2942 (miv.
1244 2881 1288 2947 39)
1304 2882 1368 2931 with

315 2945 425 2995 founded
447 2946 508 2996 with
530 2945 573 2995 the
592 2946 697 2995 Aedusn
720 2952 815 3021 mong-
864 2945 1368 2998 mmmnnmeu-‘Sublatudeinde

315 3009 376 3062 bold
388 3009 502 3062 Bibracte
513 3011 542 3072 (l.
558 3013 666 3076 emt).
700 3009 816 3060 Theren
865 3027 940 3077 snpra
960 3013 1045 3078 espits
1065 3013 1150 3068 scutis.
1167 3012 1369 3078 cmduustisqne

315 3075 390 3127 much
401 3075 530 3126 differenoe
541 3075 570 3124 ol
579 3076 682 3142 opinion
693 3091 721 3124 ss
731 3085 761 3124 to
772 3076 815 3125 the
865 3077 901 3128 its
912 3078 1020 3134 istene,
1031 3086 1121 3128 utnon
1135 3079 1212 3128 modo
1227 3079 1260 3127 sd
1278 3093 1369 3130 mesos

315 3151 386 3192 exact
397 3144 445 3191 site
457 3141 487 3190 oi
495 3141 594 3190 liibrsx.
625 3141 762 3206 ,Nepoleon
772 3140 815 3191 111
865 3145 938 3204 letus,
952 3143 996 3193 sed
1010 3159 1042 3193 ne
1052 3143 1086 3192 sd
1099 3143 1252 3193 inferendum
1262 3144 1369 3209 quidem

315 3206 409 3260 loestes
418 3208 439 3258 it
450 3223 482 3257 on
494 3207 535 3258 the
547 3207 675 3257 mountain
688 3207 716 3256 ol
721 3206 814 3258 Vleux·
864 3226 896 3260 ex
909 3209 1049 3274 propinquo
1062 3209 1149 3271 telum,
1160 3209 1211 3260 loci
1227 3209 1368 3275 quidquem

313 3273 393 3324 Leon.
865 3281 938 3334 esset,
949 3273 1293 3325 testudinetserssubibmt'
1316 3275 1369 3326 See

350 3343 402 3398 ts.
428 3342 578 3390 moenibus
601 3373 608 3386 .
632 3374 639 3387 .
662 3374 669 3388 .
691 3351 816 3399 mmm,
863 3339 984 3390 slsoLiv.
995 3339 1101 3404 slinot
1118 3341 1152 3390 D.
1162 3339 1193 3390 C.
1204 3339 1268 3389 xlix.
1280 3353 1322 3403 30.

315 3407 399 3456 ‘town
419 3441 426 3455 .
446 3441 453 3455 .
472 3439 479 3453 ·
499 3404 576 3456 vvsll.‘
611 3403 685 3468 Verg.
706 3404 770 3454 Aen.
787 3404 815 3453 ii.
896 3409 923 3458 ’1.
938 3409 951 3464 ἦ
967 3418 987 3454 1.
1005 3408 1041 3454 de
1060 3407 1155 3454 medis
1173 3411 1266 3466 noum,
1286 3406 1370 3457 ‘ester

314 3485 396 3536 234-
865 3467 1007 3536 midnightl
1041 3469 1116 3522 Seel
1131 3471 1369 3530 smis‘detertis

347 3535 507 3587 ‘Dividimus
518 3535 746 3586 mumsetmoenia
755 3551 814 3600 prn-
863 3534 967 3601 vigilie!
999 3535 1034 3587 So
1052 3539 1079 3586 in
1096 3537 1179 3587 Greek
1195 3533 1237 3598 ἀφ’
1252 3536 1367 3600 ἑσπέρας,

379 3603 462 3652 dimus
478 3599 562 3652 urbis'
863 3601 996 3652 Thnevii
1009 3617 1058 3667 29:
1076 3601 1109 3651 D.
1120 3602 1151 3652 C.
1163 3601 1261 3663 xlm
1276 3616 1298 3652 s.

347 3671 493 3718 testudine
533 3670 616 3718 fsets.
659 3665 715 3716 The
750 3673 814 3716 term
895 3669 1057 3719 funditores
1065 3671 1205 3718 lessres
1233 3667 1369 3732 Thestory

315 3731 445 3793 ‘testudo,'
467 3749 495 3783 ss
517 3734 574 3783 here
599 3732 668 3794 used,
692 3747 777 3783 means
797 3748 814 3783 s
862 3740 929 3783 vtem
944 3735 999 3782 thst
1016 3734 1059 3785 the
1074 3733 1204 3784 leeerlsn
1220 3733 1284 3798 boys
1300 3749 1368 3785 vvere

314 3799 374 3848 rooi
392 3797 421 3846 oi
437 3799 530 3849 shields
548 3799 630 3849 which
650 3797 692 3848 the
710 3797 814 3848 soldius
862 3797 971 3848 slloved
985 3814 1020 3848 no
1037 3799 1098 3849 sood
1115 3799 1148 3864 by
1162 3799 1229 3850 tbeir
1245 3800 1368 3860 mothers,

314 3863 410 3914 formed
432 3865 464 3928 by
487 3864 587 3929 locking
609 3863 677 3913 them
698 3864 813 3926 together
862 3863 944 3914 unless
963 3863 1022 3930 they
1038 3864 1147 3929 brought
1166 3865 1186 3914 it
1204 3865 1281 3914 dovn
1304 3865 1367 3915 vsitls

314 3929 394 3978 above
409 3928 474 3977 their
489 3929 614 3985 hesmso
630 3945 658 3979 ss
673 3937 700 3978 to
715 3937 813 3992 protect
862 3929 927 3980 their
948 3929 1034 3995 slinge
1075 3930 1163 3994 Veget
1186 3930 1205 3980 i.
1229 3928 1278 3980 1⁶:
1297 3931 1366 3981 flor.

313 3993 461 4046 themselves
481 3995 578 4059 against
598 3995 705 4044 missiles
724 3994 750 4042 in
767 4009 812 4059 ψ
861 3995 932 4058 iss,
944 3999 958 4056 ἱ
970 4011 1004 4060 5:
1020 3995 1173 4047 nemim
1185 4005 1224 4060 37,
1240 3994 1292 4054 56.

313 4059 453 4126 proschiug
470 4075 486 4109 e
505 4059 572 4111 wall.
611 4059 667 4110 The
686 4059 812 4111 devincis
