2984 4992
323 530 387 611 284
669 540 697 591 c.
723 540 821 593 rum
844 538 1034 593 crssrms
1276 542 1336 608 [so.
1349 554 1390 607 3³

156 714 306 767 umbone
326 702 635 789 praecipitabantur.
691 704 826 769 Marcus
853 703 1038 777 Petronius,
1062 704 1210 769 eiusdem
1242 702 1419 787 legionisr

156 782 288 833 ‘mu‘
326 808 486 888 centurio,
508 828 585 872 cum
608 817 722 893 portas
750 808 906 873 excidere
935 818 1073 875 conanus
1096 817 1193 889 esset,
1219 828 1241 871 a
1268 806 1387 871 multi·

156 870 268 988 ,sfg'ffioe
278 934 307 986 ot
326 912 443 976 tudine
460 932 636 996 oppressus
650 932 690 977 ac
705 912 768 977 sibi
786 912 965 995 desperans
980 912 1092 977 multis
1108 914 1174 977 iam
1189 910 1389 975 vulneribus

157 1002 292 1117 dudm
327 1017 474 1098 acceptis
489 1016 750 1101 manipularibus
763 1018 840 1099 suis,
855 1016 913 1099 qui
931 1015 1023 1080 illurn
1038 1016 1143 1081 secuti
1158 1024 1264 1091 erant,
1279 1021 1388 1097 ‘quo-
1485 1096 1486 1113 ἵ

327 1120 434 1200 niam,'
462 1120 580 1203 inquit,
602 1125 677 1183 ‘me
701 1140 769 1183 una
797 1121 970 1187 vobiscum
992 1140 1122 1185 servare
1142 1140 1209 1185 non
1232 1139 1387 1204 possum,
1485 1116 1486 1197 l

326 1235 456 1290 vestrae
477 1224 612 1306 quidem
635 1233 724 1289 certe
744 1224 834 1289 vitae
855 1224 1065 1307 prospiciam,
1087 1244 1172 1307 quos
1195 1223 1389 1307 cupiditate
1485 1200 1486 1285 l

327 1328 452 1411 gloriae
463 1329 630 1393 adductus
639 1327 675 1391 in
687 1326 868 1410 periculum
880 1328 1018 1394 deduxi.
1048 1328 1121 1393 Vos
1130 1328 1212 1393 data
1223 1326 1388 1391 facultate
1485 1342 1486 1415 l

327 1431 423 1497 vobis
448 1429 631 1496 consulite?
675 1430 783 1495 Simul
810 1433 843 1496 in
869 1432 998 1499 medios
1024 1433 1138 1499 hostes
1159 1431 1276 1516 irrupit
1299 1432 1416 1498 duo-⁵

327 1536 457 1618 busque
485 1534 664 1601 interiectis
693 1535 838 1618 reliquos
863 1556 884 1601 a
910 1546 1007 1620 porta
1037 1534 1172 1619 paulurn
1201 1536 1387 1601 submovit„

329 1638 537 1704 Conantibus
557 1640 711 1704 auxiliari
733 1640 810 1721 suis,
834 1638 990 1720 ‘frustra'
1015 1641 1133 1722 inquit,
1153 1640 1271 1704 ‘meae
1291 1640 1416 1704 vitaer

327 1742 501 1809 subvenire
515 1744 690 1819 conamini,
702 1763 802 1827 quem
817 1743 883 1809 iam
899 1744 1034 1829 sanguis
1045 1744 1197 1826 viresque
1210 1742 1387 1809 deficiunt.

330 1846 472 1911 Proinde
501 1848 603 1925 abite,
632 1849 714 1913 dum
738 1858 791 1913 est
814 1846 962 1927 facultas,
986 1868 1112 1931 vosque
1141 1848 1185 1911 ad
1214 1848 1387 1930 legionem
1485 1896 1486 1899 η

328 1946 485 2032 recipite!
529 1951 584 2015 Ita
614 1970 767 2034 pugnans
797 1962 874 2035 post
903 1951 1040 2035 paulum
1070 1951 1216 2017 concidit
1246 1969 1287 2016 ac
1317 1953 1387 2015 suis
1485 1954 1486 2017 l

327 2053 426 2119 saluti
439 2052 510 2117 luit

160 2171 304 2247 usnemu
376 2156 501 2233 Nostri,
516 2177 593 2222 cum
613 2156 761 2242 undique
775 2170 1012 2243 premerentur,
1029 2172 1119 2224 XLVI
1135 2158 1387 2224 centurionibus
1400 2171 1437 2225 ol

161 2236 304 2351 fflm
333 2262 464 2327 amissis
478 2263 596 2327 deiecti
613 2272 690 2328 sunt
708 2262 792 2327 loco.
837 2262 906 2329 Sed
921 2263 1149 2329 intolerantius
1166 2261 1282 2326 Gallos
1299 2264 1387 2327 inse·

161 2366 305 2432 enterprlse.
331 2375 472 2451 quentes
492 2367 580 2451 legio
600 2368 730 2433 decima
747 2368 900 2445 tardavit,
916 2390 1003 2451 quae
1025 2388 1086 2451 pro
1109 2366 1260 2433 subsidio
1282 2366 1387 2451 paulo
1485 2372 1486 2401 ³

230 2466 234 2471 ’
330 2470 487 2555 aequiore
511 2470 586 2535 loco
611 2472 816 2537 constiterat.
863 2472 962 2537 Hanc
992 2492 1103 2537 rursus
1132 2483 1214 2536 xm.
1245 2470 1414 2552 legionis2
1485 2548 1486 2563 ἶ

331 2576 483 2641 cohortes
501 2586 712 2659 exceperunt,
726 2596 813 2659 quae
837 2596 882 2640 ex
904 2578 1020 2643 castris
1042 2575 1224 2641 minoribus
1242 2576 1388 2641 eductae
1485 2580 1486 2623 l

331 2700 408 2745 cum
439 2679 519 2745 Tito
549 2679 668 2746 Sextio
697 2678 809 2765 legato
838 2691 996 2765 ceperant
1026 2680 1136 2745 locum
1168 2680 1386 2763 superiorem.

332 2783 509 2867 Legiones,
543 2785 601 2849 ubi
638 2785 781 2869 primum
817 2784 993 2869 planiciem
1029 2784 1218 2869 attigerint,
1256 2784 1417 2849 infestiss
1485 2844 1486 2899 ἰ

331 2896 447 2952 contra
481 2888 595 2953 hostes
630 2890 731 2972 signis
767 2891 995 2955 constiterunt
1046 2888 1305 2970 Vercingetorix
1341 2887 1417 2951 abr
1485 2904 1486 2947 3

331 2992 499 3057 radicibus
520 2992 614 3057 collis
634 3012 714 3057 suos
732 2993 820 3059 intra
840 2994 1041 3059 munitiones
1062 2993 1209 3058 reduxit..
1252 2990 1308 3055 Eo
1329 2992 1387 3057 die
1485 3032 1486 3037 κ

332 3094 453 3160 milites
474 3107 551 3161 sunt
574 3094 675 3179 paulo
697 3098 808 3163 minus
829 3099 1029 3181 septingenti
1050 3096 1237 3162 desiderati

378 3200 517 3264 Postero
545 3202 601 3265 die
624 3200 748 3266 Caesar
777 3203 933 3267 contione
964 3202 1127 3267 advocata
1156 3199 1385 3266 temeritatem
1404 3210 1440 3265 52

271 3374 282 3387 ,
333 3303 615 3388 cupiditatemque
644 3304 786 3371 militum
824 3306 1043 3389 reprehendit,
1072 3304 1183 3389 ‘quod
1221 3302 1286 3367 sibi
1322 3304 1389 3385 ipsi
1485 3326 1486 3353 l

334 3407 576 3485 iudicavissent,
609 3428 678 3492 quo
713 3412 964 3493 procedendum
1002 3420 1059 3474 aut
1097 3409 1177 3491 quid
1214 3410 1389 3490 agendum

222 3517 228 3530 '
333 3514 508 3592 videretur,
522 3532 631 3596 neque
644 3514 740 3597 signo
756 3514 937 3598 recipiendi
949 3515 1031 3579 dato
1041 3512 1267 3581 constitissent
1278 3532 1390 3595 neque
1485 3542 1486 3545 ¹

333 3619 379 3681 ab
393 3618 533 3684 tribunis
549 3616 693 3682 muitum
708 3618 893 3702 legatisque
914 3618 1046 3683 retineri
1064 3614 1267 3700 potuissent!
1315 3614 1413 3683 Est-2

334 3723 455 3806 posuit,
471 3722 574 3807 ‘quid
589 3723 743 3806 iniquitas
759 3724 822 3789 loci
835 3732 957 3807 posset,
966 3722 1044 3806 quid
1060 3722 1130 3805 ipse
1147 3720 1191 3785 ad
1200 3719 1387 3786 Avaricum
1485 3710 1486 3741 ³

333 3828 497 3907 sensisset,
520 3848 596 3893 cum
624 3828 694 3893 sine
722 3829 807 3892 duce
829 3835 863 3892 et
893 3826 965 3891 sine
990 3826 1141 3909 equitatu
1169 3824 1389 3907 deprehensis

368 3989 418 4051 56.
434 3996 501 4049 post
521 3993 646 4050 mulum.
687 3988 755 4054 Only
774 3990 834 4042 bere
916 3991 962 4039 58.
976 3992 989 4049 ς
1004 4002 1026 4039 a.
1042 3990 1113 4047 quid
1121 3990 1384 4046 1900...th

332 4057 471 4109 inCeesar.
883 4054 932 4106 Cb.
945 4068 985 4120 19.
1135 4081 1139 4087 ·
