2984 4992
304 575 346 639 54
651 567 678 621 C.
704 569 800 621 IULII
823 567 1010 621 CAESARIS
1251 568 1309 635 [ts
1323 568 1357 618 8-

306 732 391 796 sicut
411 729 502 796 illam
526 739 681 796 nostram.
727 731 779 797 Ut
801 729 864 814 ipsi
886 730 1023 796 concedi
1045 750 1111 795 non
1133 738 1313 814 oporteret,
1327 727 1356 792 si

307 838 339 899 in
370 845 500 900 nostros
531 835 615 899 fines
643 835 805 918 impetum
836 833 969 910 faceret,
999 835 1048 900 sic
1078 836 1158 898 item
1190 853 1252 900 nos
1284 854 1358 898 esse

307 941 446 1022 iniquos,
472 939 563 1022 quod
594 938 628 1002 in
658 958 719 1003 suo
753 939 821 1004 iure
851 959 887 1004 se
916 937 1210 1023 interpellaremus.
1254 937 1390 1021 Quodn

308 1044 425 1108 iratres
439 1043 579 1108 Aeduos
599 1041 785 1127 appellatos
804 1043 938 1120 diceret,
953 1064 1019 1107 non
1039 1065 1075 1107 se
1088 1051 1160 1107 tam
1179 1043 1358 1108 barbarum

309 1167 416 1230 neque
439 1157 508 1212 tam
532 1147 722 1231 imperitum
746 1167 819 1212 esse
841 1166 960 1222 rerum,
980 1157 1018 1211 ut
1040 1166 1108 1211 non
1130 1147 1230 1211 sciret
1250 1165 1359 1228 neque

307 1251 396 1316 bello
418 1250 639 1336 Allobrogum
665 1250 822 1334 proximo
845 1249 985 1315 Aeduos
1008 1249 1171 1314 Romanis
1196 1249 1358 1314 auxilium

308 1355 424 1420 tulisse
453 1374 559 1437 neque
583 1355 670 1437 ipsos
695 1353 727 1417 in
753 1354 805 1420 his
828 1355 1107 1432 contentionibus,
1137 1373 1220 1436 quas
1245 1353 1359 1418 Aedui

309 1479 423 1525 secum
459 1469 493 1524 et
530 1479 606 1523 cum
642 1457 808 1542 Sequanis
844 1457 1047 1537 habuissent,
1080 1457 1209 1522 auxilio
1244 1457 1359 1542 populi

311 1563 457 1628 Romani
479 1583 557 1627 usos
580 1581 662 1627 esse.
708 1561 841 1628 Debere
862 1583 899 1627 se
920 1563 1078 1646 suspioari
1101 1561 1257 1625 simulata
1276 1561 1360 1626 Cae·
1376 1582 1409 1616 10

310 1686 417 1731 sarem
447 1665 599 1741 amicitia,
626 1667 717 1749 quod
742 1666 927 1730 exercitum
958 1665 992 1729 in
1018 1665 1128 1730 Gallia
1152 1664 1287 1744 habeat,
1310 1666 1361 1728 sui

311 1769 522 1853 opprimendi
560 1789 660 1834 causa
695 1769 826 1835 habere
877 1769 945 1853 Qui
985 1769 1047 1832 nisi
1084 1768 1225 1834 decedat
1260 1780 1362 1852 atque
1376 1787 1406 1823 ¹1

312 1873 496 1937 exercitum
522 1872 665 1937 deducat
691 1893 735 1937 ex
766 1872 818 1937 his
844 1873 1043 1957 regionibus,
1069 1893 1141 1936 sese
1170 1872 1264 1936 illurn
1294 1893 1361 1936 non

311 1997 373 2059 pro
397 1975 505 2040 amico
528 1976 587 2040 sed
613 1975 710 2041 hoste
735 1975 937 2041 habiturum.
984 1973 1085 2058 Quod
1110 1976 1139 2041 si
1161 1995 1238 2040 eum
1265 1977 1363 2040 inter·
1377 1995 1407 2030 υ

311 2079 433 2155 lecerit,
472 2078 586 2144 multis
623 2099 694 2144 sese
733 2079 897 2145 nobilibus
938 2079 1207 2162 principibusque
1246 2080 1362 2163 populi

314 2183 457 2248 Romani
473 2192 605 2267 gratum
620 2203 692 2249 esse
705 2183 889 2249 iacturum:
912 2185 945 2249 id
961 2204 997 2249 se
1011 2182 1055 2249 ab
1071 2183 1150 2266 ipsis
1168 2203 1227 2266 per
1246 2204 1363 2249 eorum

313 2289 447 2353 nuntios
475 2295 681 2371 compertum
711 2285 843 2363 habere,
869 2307 1013 2370 quorum
1042 2287 1192 2351 omnium
1221 2291 1362 2370 gratiam

314 2404 415 2476 atque
436 2391 613 2456 amicitiam
636 2391 706 2455 eius
729 2401 837 2456 morte
858 2391 1019 2455 redimere
1044 2401 1167 2474 posset
1211 2392 1311 2476 Quod
1335 2394 1362 2456 si
1380 2412 1411 2462 13

314 2496 517 2561 discessisset
541 2503 575 2558 et
598 2493 735 2559 liberam
761 2495 1001 2578 possessionem
1026 2493 1154 2560 Galliae
1177 2496 1238 2560 sibi
1261 2497 1365 2561 tradi·

315 2603 432 2677 disset,
448 2619 571 2682 magno
586 2619 622 2663 se
637 2597 730 2662 illum
746 2599 895 2681 praemio
913 2607 1196 2663 remuneraturum
1211 2610 1248 2665 et
1261 2620 1364 2682 quae-

316 2721 458 2784 cumque
472 2700 560 2767 bella
574 2703 644 2785 geri
658 2700 768 2778 vellet,
783 2705 854 2767 sine
870 2702 938 2766 ullo
953 2703 1024 2767 eins
1045 2700 1159 2767 labore
1171 2713 1204 2768 et
1219 2705 1365 2786 periculo

315 2805 559 2872 coniecturum?

361 2907 471 2973 Multa
485 2909 527 2974 ab
543 2907 685 2975 Caesare
700 2910 733 2974 in
750 2929 824 2975 earn
839 2909 1039 2975 sententiam
1057 2910 1147 2975 dicta
1162 2921 1248 2988 sunt,
1263 2931 1366 2994 quare
1383 2924 1431 2978 45

318 3013 454 3096 negotio
472 3012 630 3077 desistere
647 3033 713 3077 non
728 3023 861 3104 posset:
883 3018 1007 3098 ‘neque
1021 3033 1117 3078 suam
1129 3033 1237 3096 neque
1251 3016 1366 3099 populi

319 3116 466 3182 Romani
481 3118 754 3182 consuetudinem
770 3119 848 3202 pati,
864 3118 913 3182 uti
929 3119 1057 3201 optime
1079 3129 1243 3184 merentes
1258 3121 1367 3184 socios

353 3339 403 3398 58.
420 3338 716 3397 sslutsmsllsremus,
729 3337 819 3387 ‘luten
866 3337 892 3386 in
915 3335 1057 3402 republica
1075 3352 1140 3387 nunc
1157 3337 1259 3402 quidem
1275 3338 1368 3391 Gallici

318 3405 384 3455 iered
390 3403 453 3454 with
464 3403 533 3453 him!
566 3403 614 3468 Cp.
625 3403 655 3452 C.
667 3402 702 3452 iii.
711 3413 753 3466 70,
763 3409 776 3462 5
791 3417 820 3461 a;
865 3409 1089 3461 venenturmetus;
1100 3418 1158 3452 unm
1166 3403 1276 3463 Haedui,
1282 3405 1369 3456 babes

320 3475 446 3534 105,51:
464 3468 620 3532 Al.5o,5a.
865 3468 997 3533 nostri,pu
1032 3465 1092 3518 ιη’]

354 3543 367 3596 5
391 3550 415 3601 9.
442 3538 552 3596 mnes,
579 3547 619 3597 53,
643 3538 656 3593 5
682 3548 694 3584 a
719 3533 821 3584 ‘iratres
899 3536 979 3593 Ιιίι,ι
1016 3531 1115 3584 elate'
1148 3534 1196 3599 Cp.
1216 3535 1270 3586 Cic
1293 3535 1369 3587 Rosc.

319 3598 578 3666 consanguineosque!
867 3599 926 3649 Am.
940 3603 953 3658 5
968 3598 1075 3649 16‘boc
1085 3599 1193 3649 tumultu
1203 3601 1338 3664 proximo!

352 3671 429 3717 bello
458 3669 645 3724 Allobrocum
680 3669 820 3724 proximo.
902 3669 915 3725 5
946 3679 986 3715 ra.
1026 3679 1078 3722 per
1112 3679 1210 3714 eorum
1243 3671 1369 3718 nnntlon

321 3731 429 3782 B.c.62.
463 3729 720 3797 See6,5r‘nuper.'
866 3729 984 3780 Plutarch
995 3729 1080 3792 (Caes.
1092 3729 1370 3798 adlseemstosuggen

353 3811 445 3856 usque
460 3801 537 3856 ipsos
550 3834 556 3846 .
569 3833 574 3846 .
588 3833 595 3847 .
609 3813 676 3847 usos
692 3812 762 3847 osse.
795 3796 820 3846 lt
867 3795 989 3846 asimilur
1002 3802 1101 3846 concert
1114 3796 1369 3863 betweenVercinge

320 3877 372 3912 was
388 3862 495 3928 thought
512 3861 588 3926 likely
599 3869 625 3911 nt
639 3862 682 3912 the
694 3864 755 3913 time
765 3861 820 3913 that
866 3862 932 3912 torlx
943 3861 994 3910 and
1005 3860 1235 3912 Cumnr’seuemies
1243 3871 1270 3913 et
1280 3864 1368 3914 Rome

321 3930 364 3978 the
380 3927 492 3977 Romans
507 3927 590 3978 would
613 3929 644 3978 be
660 3927 744 3978 drawn
766 3927 820 3978 into
898 3931 944 3977 45.
963 3933 1011 3986 51.
1027 3929 1367 3980 munumentum...

321 3996 364 4044 the
375 4007 435 4044 war.
468 3993 558 4044 Cicero
568 3993 669 4058 writing
680 4001 708 4043 to
718 3993 819 4044 Atticus
867 4008 963 4108 numo¹
980 3995 1025 4042 ‘to
1043 3991 1115 4042 show
1131 3993 1189 4057 why
1207 3995 1228 4044 it
1249 4010 1302 4045 was
1322 3995 1369 4045 im·

323 4057 820 4126 (i.19,52)ius.0.6osnye-—‘Atqne
866 4056 994 4124 possibe'
1027 4059 1075 4122 Cp.
1088 4063 1193 4122 πάι.
