2984 4992
388 458 392 467 ἱ
649 453 673 488 υ
748 413 762 450 i
828 457 832 463 ι

184 489 235 532 u·
983 493 1072 550 w*

107 579 150 628 so.
163 559 201 641 21'
338 573 392 625 ns
414 572 537 625 sasso
562 538 728 626 easlrco.
781 573 851 625 ua.
876 573 920 624 ιν
1104 582 1162 645 139

108 743 210 818 atque
239 753 279 800 ea
309 729 417 800 rerum
447 745 573 813 natura,
602 743 649 811 ut,
678 755 746 817 quo
777 735 883 799 maior
910 734 961 800 vis
990 755 1097 819 aquae
1125 756 1161 800 se
1233 809 1239 817 ,

81 837 321 916 sincitavisset,
334 839 398 904 hoc
413 839 516 904 artius
531 822 658 939 illigata
673 850 872 905 tenerentur.
918 839 1014 905 Haec
1034 840 1192 932 directa,
1269 886 1273 892 -
1311 872 1338 888 ··
1389 856 1395 868 ·

109 941 249 1008 materia
273 941 395 1010 iniecta
419 943 684 1038 contexebantur
707 962 745 1008 ac
771 943 930 1028 longuriis
951 943 1160 1026 cratibusque

80 1037 424 1132 oconsternebanbur;
447 1035 486 1112 ac
501 1047 604 1113 nihilo
623 1031 727 1113 secius
743 1047 891 1140 sublicae
910 1057 945 1112 et
963 1049 1008 1113 ad
1028 1046 1160 1114 inferio·

109 1169 178 1213 rem
194 1159 324 1232 partem
345 1149 493 1215 fluminis
513 1150 648 1242 oblique
667 1153 861 1236 agebantur,
874 1171 962 1235 quae
981 1171 1044 1236 pro
1058 1153 1160 1232 ariete

108 1253 278 1318 subiectae
304 1261 339 1318 et
363 1274 438 1318 cum
463 1255 554 1319 omni
580 1275 681 1338 opere
704 1239 903 1322 co'niunctae
924 1256 992 1319 vim
1014 1253 1160 1320 fluminis

68 1384 96 1419 10
108 1356 312 1440 exciperent,
330 1368 365 1423 et
380 1357 464 1422 aliae
485 1359 565 1424 item
587 1380 687 1443 supra
706 1368 845 1443 pontem
865 1358 1024 1425 mediocri
1038 1358 1159 1443 spatio,

110 1471 157 1538 ut,
170 1461 200 1526 si
220 1462 377 1526 arborum
398 1462 506 1527 trunci
526 1463 596 1529 sive
616 1484 716 1528 naves
735 1463 898 1530 deiciendi
917 1463 1027 1548 operis
1048 1472 1159 1528 essent

108 1585 129 1629 a
158 1564 309 1631 barbaris
339 1563 467 1643 missae,
492 1566 544 1632 his
573 1567 800 1660 defensoribus
822 1563 943 1634 'earum
972 1586 1081 1632 rerum
1109 1567 1163 1632 vis

109 1669 321 1750 minueretur,
336 1690 400 1735 neu
415 1671 509 1754 ponti
523 1655 689 1736 nocerent]

59 1784 95 1838 18
152 1773 283 1838 Diebus
298 1775 424 1855 decem,
439 1755 559 1857 quibus
575 1776 715 1841 materia
728 1785 850 1859 coepta
863 1783 934 1840 erat
949 1773 1160 1859 comportari,
1172 1786 1290 1837 messim

84 1878 199 1942 somni
234 1897 338 1961 opere
370 1877 488 1943 effecto
520 1879 688 1944 exercitus
721 1880 913 1944 traducitur.
959 1877 1083 1944 Caesar
1114 1879 1157 1944 ad
1170 1852 1311 1982 §Qun

110 1993 283 2066 utramque
305 1993 434 2067 partem
457 1983 568 2066 pontis
590 1982 685 2048 firmo
708 1983 872 2066 praesidio
890 1981 1006 2049 relicto
1024 1984 1058 2048 in
1076 1982 1159 2048 fines
1169 1981 1297 2098 'hg-‘ik‘

85 2113 97 2159 s
111 2085 371 2171 Sugambrorum
390 2086 570 2152 contendit.
599 2083 755 2153 'Interim
770 2107 791 2151 a
806 2086 1030 2171 compluribus
1044 2086 1160 2153 civita·
1171 2056 1198 2100 ω
1228 2065 1255 2114 ¹⁸
1272 2055 1290 2098 ᾗ
1393 2071 1398 2081 ’

111 2189 198 2255 tibus
231 2190 275 2254 ad
313 2210 390 2254 eum
425 2190 525 2273 legati
559 2192 716 2271 veniunt3
753 2193 885 2274 quibus·
909 2210 1026 2275 pacem
1058 2201 1161 2273 atque

75 2363 82 2372 ,
112 2295 292 2359 amicitiam
326 2293 518 2378 petentibus
552 2295 730 2360 liberaliter
760 2295 932 2378 respondit
960 2293 1160 2377 obsidesque

86 2397 152 2468 4ad
166 2416 202 2462 se
217 2396 340 2463 adduci
357 2397 459 2464 iubet.
505 2397 683 2482 Sugambri
699 2420 744 2465 ex
759 2420 801 2465 eo
816 2409 976 2483 tempore,
992 2418 1060 2480 quo
1075 2417 1161 2480 pons

111 2501 237 2566 institui
253 2511 391 2587 coeptus
406 2513 464 2581 est,
481 2501 560 2586 iuga
574 2513 768 2586 comparata
787 2502 998 2568 hortantibus
1013 2501 1061 2581 iis,
1075 2521 1160 2583 quos

112 2625 154 2668 ex
166 2606 338 2672 Tencteris
355 2615 457 2689 atque
474 2605 668 2690 Usipetibus
685 2610 776 2693 apud
790 2629 827 2672 se
845 2603 1023 2684 habebant,
1038 2604 1159 2670 linibus

112 2710 176 2774 suis
200 2721 408 2776 excesserant
432 2731 558 2793 suaque
582 2711 696 2776 omnia
718 2719 977 2794 exportaverant
1000 2729 1101 2792 seque
1125 2711 1157 2773 in

113 2813 323 2879 solitudinem
339 2835 377 2880 ac
392 2814 492 2880 silvas
506 2815 713 2880 abdiderant.

67 2937 100 2990 10
154 2917 276 2982 Caesar
291 2939 416 3001 paucos
432 2919 501 2984 dies
516 2919 550 2983 in
564 2939 679 2984 eorum
694 2918 815 2984 finibus
834 2927 983 3004 moratus
1004 2916 1161 2984 omnibus
1173 2927 1307 3005 Renmto

114 3019 190 3085 viss
217 3021 442 3105 aedificiisque
470 3023 609 3088 incensis
640 3023 880 3108 frumentisque
904 3024 1040 3116 singen
1065 3043 1102 3087 se
1126 3023 1160 3086 n
1173 2993 1321 3122 iffi,

114 3119 192 3189 lines
204 3125 370 3192 Ubiorum
386 3126 510 3210 recepit
524 3135 624 3212 atque
640 3127 679 3191 iis
694 3127 858 3192 auxilium
872 3148 969 3192 suum
987 3127 1161 3212 pollicitus,
1173 3122 1244 3176 ubit

90 3259 101 3292 2
114 3226 139 3289 si
153 3231 196 3294 ab
214 3229 333 3296 Suebis
349 3243 586 3313 premerentur,
595 3231 678 3298 haec
693 3232 737 3297 ab
753 3232 793 3298 iis
806 3233 982 3316 cognovit:
1005 3231 1161 3308 ‘Suebos
1173 3238 1293 3316 erepen-

116 3341 329 3417 posteaquam
347 3355 405 3417 per
419 3335 648 3420 exploratores
667 3346 804 3419 pontem
821 3335 891 3400 fieri
912 3335 1161 3418 comperissent,
1172 3303 1331 3421 ffiffi‘h‘

115 3453 203 3500 more
216 3457 279 3502 suo
294 3439 433 3504 concilio
451 3439 566 3505 habito
587 3441 719 3507 nuntios
740 3441 775 3504 in
795 3459 911 3506 omnes
932 3448 1044 3522 partes
1063 3436 1161 3502 dimi·
1174 3435 1252 3487 Μ

116 3538 200 3618 sisse,
215 3542 264 3606 uti
283 3544 326 3607 de
345 3543 479 3626 oppidis
500 3544 732 3626 demigrarent,
748 3544 879 3622 liberos,
893 3562 1015 3608 uxores
1035 3559 1162 3624 suaque

148 3676 218 3732 lio.
246 3680 389 3728 deiciendi
428 3673 530 3736 omnis.
570 3678 612 3728 An
663 3684 791 3743 praeterea
811 3677 873 3727 dsts
894 3677 1002 3728 tuendae
1023 3675 1163 3727 maritimae

116 3736 223 3792 instance
239 3742 344 3794 oiwbst
361 3743 461 3808 msybe
476 3743 612 3795 celledtbe
663 3741 754 3794 osee':
777 3743 811 3792 ib.
832 3756 871 3806 η,
891 3746 934 3805 §3
952 3744 1062 3794 ‘Decem
1081 3742 1184 3793 millis-

116 3806 527 3874 genitiveoimotiveortendency.
562 3808 610 3875 Cp.
662 3809 776 3874 peditum
803 3807 924 3858 Hannoni
951 3809 985 3858 sd
1012 3808 1162 3874 praesidium

116 3884 139 3918 v.
150 3871 174 3932 8,
187 3873 475 3940 §O‘qusssulqnisqne
484 3875 611 3926 commodi
662 3872 813 3925 obtinendae
839 3873 947 3939 regionis
973 3875 1049 3925 dste’
1089 3873 1113 3924 ir
1141 3875 1163 3924 is

116 3935 233 3990 ieeerst':
250 3940 294 3990 Al.
306 3938 347 4003 65,
366 3944 406 4000 ξι
424 3944 502 4006 ‘quse
521 3940 611 3990 dissol-
661 3939 798 4006 especially
808 3953 925 3990 common
936 3942 963 3990 in
974 3939 1084 3991 Tacitus

118 4003 208 4054 vendre
243 4003 390 4070 disciplinae
425 4006 610 4072 severitatisque
693 4009 797 4066 imis.
813 4009 923 4056 Diebus
933 4009 1038 4070 desem
1047 4007 1162 4066 quibus.

118 4069 295 4123 eesmt’rle.
315 4073 420 4132 uias,
438 4074 481 4135 §4
499 4070 609 4123 ‘Classis
659 4071 812 4136 lissam.
