2984 4992
319 514 381 577 ωε
666 523 694 573 c.
720 520 820 573 marr
843 517 1034 571 caesareis
1291 516 1334 582 [e
1350 529 1383 564 ι-
1490 479 1491 498 ³

318 685 553 769 Ambiorigem
568 684 632 749 sibi
648 685 809 772 societate
823 692 859 749 et
872 630 1211 770 Qme‘adir'ingunt
1242 676 1380 761 Quibus
1395 696 1412 745 3

321 791 419 855 rebus
434 790 578 872 cognitis
594 787 728 861 Caesar,
730 786 976 869 ‚cumflunrlique-
983 782 1384 867 {reimmittere-ta

323 894 353 957 N
357 870 686 968 erviosTll'r—luatucos
700 887 769 977 [ac]
787 890 960 972 Menapios
980 888 1145 955 adiunctis
1161 885 1380 952 Cisrhenanis

321 998 476 1065 omnibus
492 994 666 1061 Germanis
681 1015 755 1059 esse
768 995 803 1058 in
818 995 929 1069 armis,
947 992 1096 1059 Senones
1113 990 1158 1055 ad
1173 992 1380 1074 imperatum

322 1121 388 1166 non
415 1100 527 1165 venire
550 1110 585 1165 et
610 1119 687 1165 cum
718 1098 920 1164 Carnutibus
942 1095 1158 1178 finitimisque
1184 1094 1380 1159 civitatibus

321 1204 458 1295 Qsilia
473 1204 726 1278 communicate,
740 1222 762 1265 a
775 1200 929 1265 Treveris
944 1198 1379 1299 Germanos‘crebrisiega·

225 1296 244 1352 ’Ἴ
320 1309 467 1391 tionibus
493 1307 673 1381 sollicitari,
702 1306 864 1371 maturius
890 1304 953 1369 sibi
979 1304 1024 1368 de
1044 1302 1135 1367 bello
1156 1302 1378 1394 cogitandum

322 1414 461 1497 putavit.
1198 1386 1272 1403 ψ

156 1526 295 1577 flemus
369 1516 487 1599 ltaque
516 1515 664 1579 nondum
698 1512 809 1577 hieme
838 1513 989 1580 coniecta
1024 1511 1186 1595 proximis
1213 1517 1412 1593 quattuoru

154 1592 286 1722 leiim
323 1620 446 1687 coactis
464 1619 649 1701 legionibus
666 1618 709 1682 de
725 1618 906 1699 improviso
920 1618 954 1681 in
972 1616 1057 1681 fines
1077 1615 1274 1681 Nerviorum
1294 1634 1378 1681 con·

153 1722 196 1773 ¹¹²0
207 1722 301 1773 Nervii.
324 1724 433 1790 tendit
459 1732 503 1802 et,
529 1723 722 1806 priusquam
756 1721 802 1786 illi
827 1731 888 1786 aut
911 1722 1086 1787 convenire
1107 1731 1168 1785 aut
1198 1717 1406 1802 profugerez

323 1836 466 1909 possent,
493 1846 615 1908 magno
639 1826 767 1909 peeoris
788 1836 891 1907 atque
913 1825 1087 1891 bominum
1111 1842 1250 1889 numero
1271 1832 1378 1904 capto

320 1941 423 2013 atque
445 1951 484 1993 ea
507 1932 632 2011 praeda
652 1929 813 1995 militibus
832 1949 989 1995 conoessa
1006 1929 1210 2011 vastatisque
1228 1928 1319 2009 agris
1339 1928 1379 1991 iu

321 2032 524 2098 deditionem
548 2034 661 2098 venire
684 2044 786 2116 atque
808 2034 943 2099 obsides
964 2034 1026 2098 sibi
1047 2033 1128 2099 dare
1152 2032 1274 2117 coegit
1321 2031 1406 2102 Eos

322 2137 470 2201 celeriter
494 2136 645 2203 confecto
676 2138 815 2221 negotio
848 2157 960 2203 rursus
989 2138 1023 2201 in
1056 2136 1195 2201 hiberna
1227 2135 1378 2220 legiones

155 2260 312 2313 mmor
323 2240 467 2306 reduxit
513 2239 664 2305 Concilio
696 2238 826 2306 Galliae
856 2242 965 2324 primo
993 2261 1080 2315 vere,
1110 2249 1149 2305 ut
1177 2239 1408 2319 institueram

154 2328 300 2445 ffigrlred
323 2344 459 2423 indicto,
472 2365 548 2409 cum
567 2342 683 2427 reliqui
699 2354 829 2426 praeter
840 2345 999 2421 Senones,
1014 2344 1178 2411 carnute-
1193 2344 1376 2409 Treveros-

154 2468 182 2513 to
194 2460 269 2511 Paris.
322 2468 387 2533 que
401 2448 577 2523 venissent,
594 2448 722 2513 initium
743 2448 823 2513 belli
844 2468 884 2513 ac
904 2448 1099 2515 defectionis
1117 2448 1183 2513 hoc
1197 2468 1271 2513 esse
1287 2449 1376 2512 arbi-

322 2562 436 2630 uatus,
448 2562 485 2616 ut
495 2554 607 2617 omnia
616 2562 818 2637 postponere
828 2552 1004 2631 videretur,
1012 2552 1188 2617 concilium
1200 2550 1374 2618 Lutetiam

323 2657 521 2721 Parisiorum
537 2657 702 2723 transfert.
748 2654 905 2722 Confines
924 2666 1020 2722 erant
1034 2656 1070 2721 bi
1090 2654 1282 2721 Senonibus
1296 2657 1376 2721 civi·
1390 2675 1405 2726 5

320 2769 491 2843 tatemque
517 2770 649 2844 patrum
684 2762 843 2825 memoria
868 2762 1122 2839 coniunxerant,
1147 2760 1207 2825 sod
1233 2760 1279 2825 ab
1310 2761 1376 2827 hoc

322 2862 460 2930 consilio
482 2863 604 2931 afuisse
626 2864 916 2930 existimabantur.
970 2864 1045 2929 Hac
1068 2884 1187 2947 repro
1212 2876 1407 2949 suggesuro

323 2967 536 3051 pronuntiata
557 2968 676 3033 eodem
699 2970 755 3033 die
774 2988 851 3033 cum
870 2968 1056 3052 legionibus
1076 2969 1110 3033 in
1133 2968 1283 3034 Senones
1298 2990 1378 3051 pro·

324 3068 479 3135 ficiscitur
495 3072 690 3155 magnisque
704 3072 875 3137 itineribus
889 3092 931 3137 eo
945 3073 1102 3156 pervenit.

369 3172 513 3258 Cognito
530 3176 601 3239 eius
622 3176 766 3241 adventu
790 3174 896 3255 Acco,
910 3177 966 3259 qui
985 3177 1139 3261 princeps
1158 3176 1229 3241 eius
1247 3178 1413 3243 consilii4

324 3278 439 3358 luerat,
455 3278 547 3343 iubet
562 3280 595 3342 in
608 3280 732 3363 oppida
746 3280 994 3345 multitudinem
1009 3281 1193 3347 convenire.
1240 3281 1377 3347 Conan-

324 3425 825 3554 ⁵²we
874 3424 1377 3557 mee

324 3554 350 3604 in
367 3555 468 3618 history.
502 3554 551 3605 We
567 3570 624 3619 may
640 3570 748 3621 suppose
767 3557 824 3607 that
874 3556 1000 3622 ‘pramis
1013 3558 1147 3607 fortissimo
1161 3559 1249 3623 cuique
1266 3575 1297 3609 ae
1313 3560 1377 3610 bene

324 3618 474 3670 tbecouncll
487 3620 824 3685 hedongimllybemsum·
874 3623 977 3673 meremi
988 3637 1036 3688 pro
1183 3624 1377 3684 tribuit‚’vrbile

324 3685 823 3751 monedmmeetatnmiensppv.
874 3688 1062 3752 inmane
1140 3688 1376 3754 ‘demggestu'in

325 3751 823 3815 rqitlbutwastmnstenedto
873 3753 1381 3819 asimilercootext.1n44‚§3of

324 3814 402 3873 Puris,
415 3830 443 3863 es
457 3816 531 3882 being
547 3832 632 3867 nearer
646 3824 674 3867 to
690 3818 732 3869 the
746 3818 825 3869 tribes
873 3819 917 3869 the
931 3834 999 3869 same
1009 3835 1048 3870 we
1062 3819 1127 3871 hare
1142 3823 1214 3871 ‘ente
1229 3832 1376 3887 suggesmm

324 3878 408 3931 whom
420 3879 512 3931 Caum
523 3883 616 3932 wished
628 3892 655 3934 to
667 3898 760 3934 coerce
873 3885 927 3934 eius
955 3887 1148 3935 constitueruot'
1178 3886 1239 3935 used
1266 3885 1298 3937 of
1364 3914 1376 3925 ·

359 3943 413 4005 5⁶.
434 3960 485 4003 pro
500 3954 640 4006 metamur.
676 3948 824 4015 Practioelly
873 3966 958 4001 sonas
984 3950 1073 4017 taking
1099 3952 1164 4003 tbu'r
1188 3952 1262 4003 nand
1348 3968 1375 4002 re

323 4010 749 4079 thismeans‘lromtbephtiorm’
768 4014 823 4066 The
873 4016 1006 4081 ugenerul.
