2984 4992
309 504 371 569 232
654 494 683 547 c.
708 496 804 549 rum
828 496 1019 549 cassatus
1260 496 1321 562 [aa.
1338 510 1374 545 ι-

310 659 407 723 simul
438 677 552 723 eorum
582 668 753 743 pennotus
781 660 930 739 vocibus,
958 662 1017 743 qui
1050 660 1138 725 illius
1168 658 1402 743 patientiamz

310 781 416 845 paene
445 761 672 827 obsessionem
707 762 932 845 appellabant,
961 764 1126 848 siquidem
1165 782 1212 827 ex
1249 763 1372 827 castris

311 865 423 951 egredi
449 885 515 929 non
538 865 659 943 liceret,
682 865 809 931 nullum
832 866 995 933 eiusmodi
1016 886 1131 931 casum
1152 875 1372 949 exspectans,

311 989 379 1052 quo
409 988 530 1034 novem
559 968 724 1053 oppositis
753 968 941 1052 legionibus
971 972 1187 1053 maximoque
1212 970 1370 1053 equitatu

311 1073 465 1156 dispersis
487 1092 528 1137 ac
549 1092 656 1157 paene
677 1072 798 1139 deletis
819 1073 971 1141 hostibus
994 1074 1027 1137 in
1049 1074 1183 1141 milibus
1204 1094 1369 1158 passuum

310 1175 416 1241 tribus
435 1176 558 1241 offendi
581 1186 702 1259 posset,
721 1177 870 1261 quinque
890 1177 1046 1244 cohortes
1067 1177 1307 1243 frumentatum
1330 1180 1369 1241 in

312 1281 482 1364 proximas
497 1288 626 1364 segetes
642 1281 752 1353 mittit,
760 1301 846 1364 quas
860 1282 946 1346 inter
959 1293 993 1347 et
1003 1292 1113 1347 castra
1126 1303 1212 1347 unus
1224 1282 1369 1348 omnino

312 1385 406 1449 collis
431 1386 594 1451 intererat
640 1383 838 1469 Complures
867 1396 962 1451 erant
987 1406 1033 1451 ex
1061 1386 1248 1471 legionibus
1271 1386 1398 1468 aegris

313 1489 438 1566 relicti3
461 1508 505 1551 ex
527 1488 649 1571 quibus
671 1488 727 1570 qui
749 1489 815 1553 hoc
836 1491 947 1571 spatio
968 1490 1096 1555 dierum
1118 1488 1369 1566 convaluerant,

312 1593 441 1658 circiter
454 1604 531 1668 cce,
543 1592 606 1657 sub
620 1592 744 1657 vexillo
759 1612 825 1657 una
840 1593 1033 1671 mittuntur;
1055 1613 1177 1678 magna
1191 1602 1368 1675 praeterea

312 1697 491 1763 multitudo
520 1696 685 1773 calonum,
715 1717 836 1781 magna
871 1698 921 1763 vis
950 1698 1183 1771 iumentorum,
1211 1716 1300 1779 quae
1329 1698 1368 1761 in

312 1800 425 1865 castris
447 1798 671 1879 subsederant,
694 1798 783 1865 facta
803 1810 972 1883 potestate
993 1801 1151 1884 sequitur.

357 1903 434 1967 Hoc
450 1903 523 1984 ipso
534 1910 684 1986 tempore
695 1914 729 1969 et
740 1924 821 1968 casu
833 1902 991 1969 Germani
1004 1904 1132 1987 equites
1143 1904 1367 1968 interveniunt
1380 1919 1423 1972 37

311 2006 525 2090 protinusque
539 2006 657 2071 eodem
672 2006 816 2090 illo,quo
829 2018 998 2082 venerant,
1007 2028 1104 2073 cursu
1118 2009 1163 2074 ab
1177 2008 1367 2072 decumm

312 2120 408 2195 porta
431 2112 465 2175 in
488 2120 597 2175 castra
619 2112 800 2195 irrumpere
821 2123 991 2189 conantur,
1008 2132 1068 2177 nec
1090 2113 1180 2196 prius
1201 2121 1280 2176 sunt
1302 2112 1395 2175 visin

312 2213 452 2279 obiectis
467 2213 511 2277 ab
525 2234 565 2279 ea
580 2224 674 2298 parte
688 2214 789 2291 silvis,
799 2235 903 2298 quam
917 2217 1035 2281 castris
1049 2215 1366 2299 appropinquarent,

311 2338 417 2402 usque
438 2338 479 2381 eo
501 2327 548 2397 ut,
569 2318 627 2400 qui
649 2318 712 2383 sub
736 2318 826 2383 vallo
851 2320 1034 2384 tenderent
1050 2328 1258 2398 mercatores,
1280 2320 1366 2383 reci·

311 2422 423 2507 piendi
443 2420 492 2487 sui
510 2420 701 2487 facultatem
720 2442 787 2487 non
810 2422 978 2488 haberent
1025 2422 1241 2505 Inopinantes
1260 2424 1397 2497 nustria

312 2546 346 2591 re
361 2546 448 2593 nova
463 2526 704 2609 perturbantur,
718 2546 758 2591 ac
775 2526 833 2591 vix
847 2528 990 2610 primum
1012 2527 1175 2609 impetum
1197 2523 1318 2591 cohors
1331 2527 1366 2589 in

312 2630 454 2695 statione
476 2630 625 2695 sustinet.
679 2628 998 2695 Circumfunduntur
1021 2651 1067 2696 ex
1089 2630 1226 2713 reliquis
1251 2630 1398 2705 hostes4

312 2729 472 2813 partibus,
484 2730 511 2793 si
526 2750 626 2813 quem
641 2730 771 2795 aditum
786 2730 929 2812 reperire
943 2739 1088 2813 possent
1118 2729 1235 2812 Aegre
1249 2738 1367 2812 portas
1381 2757 1396 2805 ,κ

312 2834 415 2897 nostri
431 2842 572 2912 tuentur,
587 2832 730 2915 reliquos
750 2834 860 2897 aditus
875 2833 966 2899 locus
986 2834 1057 2917 ipse
1077 2852 1136 2917 per
1149 2852 1186 2897 se
1204 2835 1367 2897 munitio-

311 2957 377 3021 que
399 2936 556 3003 defendit
601 2936 699 3003 Totis
728 2938 914 3020 trepidatur
938 2939 1064 3015 castris,
1086 2946 1188 3020 atque
1210 2938 1296 3001 alius
1321 2954 1396 3001 exa

311 3039 377 3107 alio
393 3060 527 3105 causam
546 3040 707 3105 tumultus
724 3039 873 3123 quaerit;
896 3060 1003 3124 neque
1022 3060 1090 3124 quo
1104 3042 1198 3125 signa
1218 3040 1367 3105 ferantur

311 3164 419 3227 neque
447 3164 549 3228 quam
580 3144 613 3207 in
643 3154 772 3228 partem
801 3145 943 3227 quisque
971 3144 1154 3221 conveniat,
1178 3146 1365 3227 provident.

312 3249 411 3314 Alius
425 3249 490 3313 iarn
511 3258 618 3313 castra
639 3257 737 3331 capta
757 3250 957 3331 pronuntiat,
972 3248 1057 3313 alius
1077 3248 1190 3313 deleto
1211 3249 1395 3322 exercitur

311 3365 412 3435 atque
438 3352 636 3436 imperatore
662 3352 803 3417 victores
828 3352 989 3418 barbaros
1012 3352 1139 3417 venisse
1169 3352 1364 3425 contendit3

312 3457 461 3541 plerique
477 3476 580 3522 novas
593 3454 656 3521 sibi
679 3476 723 3519 ex
742 3454 817 3521 loco
837 3455 1011 3540 religiones
1030 3454 1161 3540 fingunt
1175 3453 1394 3538 Cottaeques

312 3572 346 3627 et
361 3560 479 3627 Titurii
501 3557 733 3636 calamitatem,
748 3558 806 3641 qui
828 3560 862 3623 in
883 3561 1002 3623 eodem
1017 3559 1197 3625 occiderint
1216 3559 1366 3637 castello,

312 3674 391 3731 ante
420 3663 535 3730 oculos
564 3672 701 3747 ponunt.
747 3661 822 3727 Tali
851 3662 970 3728 timore
999 3664 1153 3728 omnibus
1182 3664 1396 3746 perterritis9

343 3854 450 3911 8841.
468 3852 809 3910 quo...ofiendiposest,
893 3864 964 3909 quas
985 3852 1070 3900 inter.
1113 3848 1160 3901 See
1181 3849 1226 3901 rii.
1250 3864 1291 3913 33.
1314 3855 1328 3910 ς
1351 3865 1364 3899 a

312 3916 439 3981 ‘whereby
459 3932 474 3967 ι
498 3930 594 3969 reverse
617 3914 693 3967 could
718 3916 749 3966 be
771 3932 809 3967 re·
862 3918 939 3981 ‘quos
950 3914 1030 3968 inter.’

310 3980 411 4034 ceired'
894 3983 1115 4044 §ambr-axilla.
1128 3980 1365 4049 Scelntrodpary.
