2984 4992
344 552 404 633 138
696 563 725 615 c.
751 563 848 615 ιυιη
869 564 1057 617 causatus
1294 561 1391 631 [aaa

342 725 504 791 auxilium
521 744 681 810 spemque
696 725 814 810 reliqui
829 725 991 810 temporis
1005 726 1088 792 satis
1104 725 1260 792 futurum.
1305 726 1416 794 Tan-7

342 839 416 893 tum
453 848 524 894 esse
569 849 691 895 nomen
733 841 837 914 atque
878 831 1070 914 opinionem
1114 831 1186 896 eius
1228 832 1391 896 exercitus

343 931 515 998 Ariovisto
541 934 638 1016 pulso
663 943 698 998 et
723 933 789 999 hoc
815 934 997 999 novissimo
1026 936 1155 1019 proelio
1178 933 1269 1000 sacto
1294 935 1391 1000 etiarn

342 1038 386 1101 ad
424 1037 558 1102 ultimas
596 1036 839 1103 Germanorum
878 1039 1037 1117 nationes,
1074 1039 1123 1104 uti
1160 1039 1320 1122 opinione
1360 1047 1391 1101 et

342 1141 491 1206 amicitia
527 1141 641 1225 populi
674 1141 823 1207 Romani
859 1142 925 1206 tuti
958 1161 1031 1208 esse
1066 1143 1217 1234 possiqt!
1248 1143 1415 1206 Naviuma
1486 1204 1487 1233 ἶ

344 1265 501 1328 magnam
520 1247 652 1328 copiam
674 1247 717 1311 ad
737 1246 1032 1329 transportandum
1054 1248 1239 1312 exercitum
1260 1247 1393 1330 pollice·
1486 1246 1487 1259 ¹

343 1348 475 1412 bantur.

175 1460 330 1526 Thebadge.
391 1449 514 1517 Caesar
541 1451 594 1517 his
622 1455 665 1518 de
692 1455 810 1533 causis,
835 1473 919 1536 quas
944 1454 1212 1531 commemoravi,
1238 1453 1391 1520 Rbenum
1401 1461 1432 1515 1⁷

344 1556 485 1620 transire
511 1556 719 1632 decreverat3
749 1558 809 1622 sed
838 1559 978 1622 navibus
1007 1557 1149 1624 transire
1177 1578 1286 1640 neque
1315 1557 1392 1623 satis
1486 1598 1488 1629 ÷

344 1664 454 1719 tutum
466 1675 538 1719 esse
549 1656 782 1736 arbitrabatur,
792 1677 901 1739 neque
910 1678 991 1722 suae
1001 1678 1110 1740 neque
1120 1657 1236 1741 populi
1247 1657 1391 1723 Romani

344 1758 518 1842 dignitatis
543 1781 613 1824 esse
636 1763 816 1850 statuebat.
862 1761 992 1845 Itaque,
1013 1763 1076 1828 etsi
1099 1781 1232 1826 summa
1254 1762 1416 1828 difficulz

345 1871 397 1926 tas
422 1860 563 1927 faciendi
594 1865 706 1948 pontis
736 1866 985 1950 proponebatur
1015 1873 1152 1951 propter
1175 1865 1393 1942 latitudinem,

345 1965 557 2048 rapiditatem
596 1967 873 2052 altitudinemque
914 1967 1068 2048 fluminis,
1104 1979 1216 2034 nmen
1260 1971 1298 2035 id
1335 1971 1393 2035 sibi

345 2068 613 2134 contendendum
640 2082 699 2136 aut
728 2071 825 2136 aliter
849 2091 917 2135 non
944 2073 1186 2138 traducendum
1211 2074 1393 2138 exercitum

345 2171 569 2238 existimabat.
615 2173 796 2240 Rationem
830 2177 942 2259 pontis
970 2177 1058 2241 hanc
1091 2176 1243 2241 instituit
1288 2177 1418 2260 Tignaa

344 2277 424 2343 bina
445 2277 696 2362 sesquipedalia,
718 2277 855 2361 paulum
878 2280 922 2344 ab
946 2280 1015 2345 imo
1038 2289 1225 2364 praeacuta,
1246 2279 1394 2344 dimensa

345 2382 388 2446 ad
408 2381 616 2446 altitudinem
637 2379 785 2447 fluminis
806 2382 980 2448 intervallo
1002 2386 1127 2468 pedum
1148 2386 1294 2450 duorum
1316 2385 1394 2448 inter

345 2505 382 2550 se
411 2485 579 2568 iungebat.
625 2485 721 2552 Haec
750 2506 826 2550 cum
857 2487 1158 2567 machinationibus
1183 2488 1336 2553 immissa
1363 2488 1419 2553 int

345 2587 470 2654 flumen
485 2589 649 2654 defixerat
664 2589 856 2672 fistucisque
870 2592 1039 2676 adegerat,
1051 2612 1116 2657 non
1131 2591 1281 2657 sublicae
1297 2592 1393 2656 modo

346 2692 472 2758 directe
503 2695 545 2758 ad
576 2687 861 2777 perpendiculum,
885 2694 945 2760 sed
975 2715 1081 2780 prone
1104 2717 1144 2760 ac
1170 2695 1335 2783 instigate,
1359 2703 1394 2758 ut

249 2803 251 2808 ’
346 2798 528 2862 secundum
563 2809 715 2864 naturam
747 2799 893 2864 fluminis
922 2801 1198 2883 procumberent3
1234 2799 1290 2865 his
1317 2801 1417 2866 itemt

346 2899 511 2965 contraria
544 2901 612 2968 duo
644 2905 688 2968 ad
725 2899 869 2969 eundem
902 2905 1041 2969 modum
1074 2903 1189 2969 iuncta
1224 2903 1393 2970 intervallo

346 3006 470 3089 pedum
504 2990 752 3090 quadragenum
787 3002 830 3073 ab
865 3007 1020 3072 inferiore
1053 3019 1149 3092 parte
1180 3017 1299 3075 contra
1329 3007 1392 3072 vim

346 3119 447 3192 atque
484 3109 648 3192 impetum
686 3111 833 3176 fluminis
870 3132 1029 3178 conversa
1064 3112 1242 3210 statuebat
1304 3112 1417 3176 Haec⁶

346 3225 486 3298 utraque
507 3213 641 3296 insuper
656 3214 870 3298 bipedalibus
886 3217 1037 3281 trabibus
1055 3215 1222 3305 immissis,
1237 3225 1392 3302 quantum

346 3298 461 3385 eorum
477 3318 646 3402 tignorum
661 3318 813 3385 iunctura
827 3319 984 3400 distabat,
998 3320 1085 3385 binis
1102 3301 1268 3403 dtrimque
1289 3318 1393 3414 fibulis

345 3424 391 3489 ab
411 3435 564 3489 extrema
584 3434 681 3506 parte
701 3420 961 3502 distinebantur3
985 3424 1108 3507 quibus
1126 3425 1279 3518 disclusis
1298 3436 1416 3506 atquez

347 3529 380 3592 in
396 3528 595 3595 contrariam
609 3539 740 3610 partem
752 3529 903 3611 rexinctis
914 3538 1010 3594 tanta
1019 3539 1092 3594 erat
1103 3523 1213 3612 operis
1228 3529 1393 3595 firmitudo

381 3729 423 3775 16.
441 3729 453 3785 fi
468 3735 491 3790 7.
517 3728 584 3786 tuti,
619 3726 765 3792 ‘protected
797 3724 848 3791 by!
899 3727 1240 3794 §1‘Caesarhsecgenera
1254 3724 1392 3779 munitioni

348 3789 404 3840 The
413 3791 483 3841 word
493 3790 552 3841 here
565 3791 658 3842 retains
673 3793 705 3843 its
719 3791 766 3842 full
781 3791 848 3842 iorce
897 3794 1021 3846 instituit’
1037 3795 1078 3845 On
1090 3795 1132 3847 the
1143 3795 1232 3860 bridge
1243 3810 1285 3844 see
1294 3791 1391 3844 Nona

347 3870 376 3906 as
397 3856 440 3905 the
464 3857 594 3934 participle
612 3857 641 3907 oi
655 3855 757 3909 ‘tneor’
773 3857 799 3908 in
815 3858 848 3908 its
933 3863 946 3920 5
969 3870 990 3922 7.
1014 3863 1120 3920 qulbus
1151 3864 1296 3912 atenim
1335 3857 1392 3908 This

348 3923 446 3987 passive
457 3922 630 3986 signification.
898 3924 972 3976 refers
994 3931 1022 3976 to
1044 3925 1134 3979 ‘Haec
1156 3924 1279 3992 utraqu&
1300 3932 1344 3976 not
1366 3929 1391 3971 to

380 3991 420 4039 17.
435 3989 447 4045 i
461 4001 484 4050 3.
502 3990 668 4040 Rationem.
681 3992 848 4040 ..insulula
898 3988 1015 4042 ‘fiunis’

348 4052 399 4103 For
414 4051 457 4103 the
473 4059 529 4103 turn
546 4055 576 4104 oi
588 4054 677 4118 phrase
693 4069 734 4120 cp.
750 4055 793 4105 rii
806 4064 848 4119 72,
