2984 4992
339 540 402 599 262
687 548 716 598 C.
741 548 839 599 IULII
861 546 1050 599 CAESARIS
1295 552 1351 617 [1¹1.
1365 560 1401 615 7-

339 708 469 775 Genabi
484 708 623 795 perfidia
634 708 808 775 Gallorum
824 710 1020 787 interissent,
1031 710 1265 793 parentarent.’
1298 712 1397 775 Haec
1412 724 1425 771 a

339 814 459 878 eadem
473 813 719 879 centurionibus
738 814 948 898 tribunisque
968 814 1111 878 militum
1127 814 1342 893 mandabant,
1359 826 1398 879 ut

340 938 401 1001 per
415 937 473 981 eos
487 917 531 981 ad
548 915 725 981 Caesarem
739 916 953 981 deferrentur.

171 1030 315 1102 movemgnt
386 1020 473 1086 Cum
495 1021 561 1085 iarn
585 1042 680 1084 muro
701 1030 809 1085 turres
831 1022 1162 1104 appropinquassent,
1185 1042 1229 1085 ex
1256 1020 1399 1104 captivis
1411 1030 1445 1083 1⁸

171 1094 310 1221 agni?
343 1122 467 1190 Caesar
502 1125 661 1207 cognovit
689 1124 996 1207 Vercingetorigem
1033 1136 1232 1206 consumpto
1269 1125 1399 1207 pabulo

340 1237 449 1293 castra
463 1228 605 1291 movisse
627 1228 763 1311 propius
780 1227 961 1291 Avaricum
975 1238 1076 1311 atque
1090 1227 1198 1310 ipsum
1213 1248 1289 1293 cum
1305 1230 1399 1312 equi-

340 1341 414 1396 tatu
428 1330 667 1415 expeditisque,
682 1332 741 1415 qui
756 1332 843 1395 inter
855 1332 985 1413 equites
999 1331 1154 1414 proeliari
1169 1343 1400 1407 consuessent,

341 1435 531 1499 insidiarum
550 1454 651 1499 causa
671 1454 713 1497 eo
732 1433 930 1518 profectum,
945 1456 1012 1518 quo
1032 1445 1163 1499 nostros
1182 1445 1320 1517 postero
1342 1438 1399 1500 die

171 1542 325 1593 'rnmtenad
340 1538 536 1621 pabulatum
550 1548 706 1602 venturos
723 1537 947 1603 arbitraretur.
992 1537 1122 1621 Quibus
1139 1539 1235 1603 rebus
1251 1540 1399 1621 cognitis
1412 1560 1423 1593 ²

171 1607 306 1723 32¹¹,ss
342 1642 452 1706 media
472 1652 571 1707 nocte
591 1640 722 1705 silentio
739 1640 907 1725 profectus
929 1643 973 1706 ad
997 1642 1143 1706 hostium
1166 1652 1274 1707 castra
1297 1664 1398 1707 mane

170 1738 298 1852 mm?
342 1746 504 1829 pervenit.
534 1743 588 1808 Illi
603 1743 754 1809 celeriter
769 1764 828 1827 per
843 1743 1073 1827 exploratores
1087 1747 1232 1810 adventu
1242 1744 1423 1815 Caesarisr

172 1870 259 1918 naurs.
342 1848 477 1930 cognito
503 1868 612 1912 carros
640 1848 945 1932 impedimentaque
975 1868 1036 1912 sua
1065 1848 1099 1911 in
1128 1850 1264 1913 artiores
1296 1850 1397 1913 silvas

340 1949 548 2029 abdiderunt,
563 1950 676 2033 copias
697 1970 814 2015 omnes
837 1952 871 2013 in
894 1950 967 2015 loco
987 1952 1077 2015 edito
1095 1961 1196 2035 atque
1211 1964 1331 2035 aperto
1348 1955 1396 2016 in-

340 2061 541 2118 struxerunt.
586 2052 724 2136 Quare
750 2054 901 2119 nuntiata
928 2053 1050 2119 Caesar
1073 2053 1220 2119 celeriter
1248 2058 1422 2130 sarcinasr

341 2157 487 2232 conserti,
502 2177 595 2221 arma
610 2158 760 2239 expediri
777 2158 878 2223 iussit.

384 2260 489 2326 Collis
507 2269 578 2325 erat
592 2258 708 2325 leniter
721 2260 765 2325 ab
784 2261 900 2324 infimo
922 2260 1063 2327 acclivis
1109 2260 1208 2327 Hunc
1229 2283 1274 2326 ex
1289 2264 1394 2327 omni·
1407 2272 1439 2327 19

339 2366 403 2431 bus
418 2366 486 2429 lere
501 2364 650 2448 partibus
665 2362 761 2446 palus
781 2364 922 2429 difficilis
938 2374 1040 2448 atque
1057 2364 1218 2447 impedita
1239 2368 1394 2451 cingebat

242 2488 246 2497 ’
340 2489 407 2535 non
430 2469 527 2534 latior
549 2468 692 2551 pedibus
715 2470 965 2551 quinquaginta.
1012 2468 1090 2532 Hoc
1114 2490 1150 2533 se
1177 2470 1263 2534 colle
1294 2472 1418 2536 inter-2

340 2575 445 2659 ruptis
460 2572 617 2657 pontibus
632 2570 721 2636 Galli
742 2571 863 2637 fiducia
880 2571 942 2637 loci
965 2572 1179 2638 continebant
1194 2576 1393 2656 generatim-

340 2698 406 2760 que
430 2678 594 2743 distributi
617 2678 650 2739 in
677 2676 829 2740 civitates
853 2676 965 2741 omnia
992 2678 1080 2741 vada
1103 2676 1173 2741 eius
1199 2678 1335 2760 paludis
1356 2700 1393 2743 ac

340 2780 444 2845 saltus
465 2780 661 2844 obtinebant
683 2781 730 2845 sic
752 2780 863 2844 animo
885 2782 1002 2863 parati,
1023 2781 1115 2855 ut,si
1138 2800 1213 2844 eam
1238 2781 1393 2865 paludem

341 2884 487 2947 Romani
511 2904 724 2967 perrumpere
751 2894 957 2958 conarentur,
976 2884 1180 2949 haesitantes
1207 2896 1393 2967 premerent

340 3008 385 3052 ex
409 2986 482 3051 loco
504 2988 680 3070 superiore,
704 2997 752 3063 ut,
775 2987 831 3071 qui
860 2988 1143 3072 propinquitatem
1171 2988 1236 3053 loci
1258 2992 1393 3066 videret,
1479 2988 1480 3043 l

341 3102 474 3175 paratos
490 3112 595 3175 prope
609 3110 718 3173 aequo
739 3090 851 3157 Marte
872 3092 915 3156 ad
932 3092 1157 3156 dimicandum
1178 3092 1417 3171 existimareta

338 3197 396 3280 qui
412 3194 619 3278 iniquitatem
635 3194 835 3259 condicionis
856 3195 1066 3280 perspiceret,
1080 3196 1169 3259 inani
1185 3195 1391 3263 simulatione

339 3321 412 3366 sese
433 3309 600 3365 ostentare
618 3310 840 3383 cognosceret
887 3298 1103 3381 Indignantes
1126 3298 1248 3363 milites
1264 3302 1417 3375 Caesam

340 3406 431 3487 quod
453 3412 667 3486 conspectum
690 3424 787 3467 suum
810 3402 922 3467 hostes
945 3400 1088 3484 perserre
1108 3414 1243 3485 possent
1266 3405 1391 3472 tantulo

341 3510 451 3591 spatio
473 3508 656 3583 interiecto,
676 3518 711 3572 et
733 3508 867 3590 signum
889 3505 1002 3589 proelii
1024 3515 1244 3590 exposcentes
1266 3512 1390 3583 edocet,

341 3620 492 3695 ‘quanto
523 3611 723 3676 detrimento
761 3621 796 3675 et
825 3621 907 3693 quot
935 3612 1079 3674 virorum
1116 3610 1250 3675 sortium
1290 3624 1391 3678 morte

342 3736 475 3781 necesse
505 3717 548 3781 sit
578 3726 731 3781 constare
760 3715 952 3793 victoriam;
985 3735 1069 3797 quos
1099 3735 1175 3779 cum
1206 3716 1254 3780 sic
1284 3718 1412 3783 animos

373 3924 414 3969 18.
428 3924 441 3979 ς
455 3933 478 3969 a.
494 3922 621 3970 hortium
629 3926 731 3997 matra,
742 3920 786 3969 l.e.
799 3920 842 3969 the
891 3918 952 3969 with
963 3918 1006 3968 the
1016 3920 1124 3983 cavalry.
1316 3987 1322 3997 Ι

340 3984 842 4115 unumunurm
893 3988 1273 4115 ,ratramm-
1315 4002 1331 4036 ··
1350 3996 1386 4047 ⁵¹⁹
