2984 4992
118 545 162 593 rs.
177 538 204 607 3]
356 540 410 592 ns
432 540 556 593 sarco
582 538 751 593 caruca
802 540 871 592 nm
901 540 927 590 ν
1109 546 1168 608 199

117 702 198 767 alias
213 702 418 769 cohortando
431 722 587 787 magnam
599 711 727 786 partem
741 700 871 767 Galliae
880 702 914 766 in
928 700 1037 767 officio
1047 703 1165 767 tenuit

87 805 247 871 2Tamen
276 804 435 885 Senones,
464 826 550 891 quae
578 816 629 871 est
665 806 780 873 civitas
815 806 978 889 imprimis
1006 805 1102 870 firma
1130 815 1167 871 et
1178 810 1234 862 The

118 928 259 993 magnae
296 910 382 975 inter
419 900 536 999 Gallos
573 911 787 989 auctoritatis,
825 909 1034 990 Cavarinum,
1062 928 1163 993 quem
1175 877 1301 1009 QZ,

118 1012 241 1079 Caesar
262 1015 353 1096 apud
374 1035 432 1080 eos
450 1014 563 1099 regem
586 1008 1322 1137 constitueratcuiusfraterMori·{1hi¹e¹ffi0¹²

118 1126 231 1203 tasgus
259 1118 405 1183 adventu
431 1112 466 1183 in
491 1117 636 1183 Galliam
661 1117 811 1184 Caesaris
836 1117 994 1199 cuiusque
1023 1118 1165 1182 maiores
1177 1140 1277 1191 crau.

116 1240 256 1305 regnum
279 1221 501 1302 obtinuerant,
520 1219 700 1287 interficere
722 1219 856 1304 publico
882 1220 1019 1285 consilio
1042 1222 1165 1301 conati,

87 1352 102 1399 3
116 1343 193 1389 curn
210 1325 264 1389 ille
279 1325 514 1409 praesensisset
533 1346 572 1389 ac
588 1323 795 1409 profugisset,
808 1325 970 1407 usquead
984 1324 1068 1389 fines
1082 1325 1165 1389 inse-

117 1430 185 1493 cuti
206 1448 308 1512 regno
331 1428 499 1526 domoque
520 1427 722 1511 expulerunt
742 1438 778 1493 et
795 1429 902 1493 missis
920 1430 963 1493 ad
989 1426 1165 1493 Caesarem

71 1512 458 1639 (satisfaciundikausa
473 1534 603 1617 legatis,
618 1552 695 1597 cum
711 1534 738 1596 is
754 1552 889 1597 omnem
904 1532 947 1597 ad
962 1552 998 1596 se
1013 1542 1165 1597 senatum

119 1625 302 1641 pann—nnana..
313 1624 361 1636 ι--Ι

83 1637 227 1703 evenire
249 1637 406 1716 iussisset,
428 1637 518 1702 dicto
541 1636 715 1701 audientes
740 1656 808 1700 non
831 1635 972 1702 fuerunt.
1013 1634 1321 1723 flentumNReflextons

115 1738 207 1823 apud
239 1739 390 1805 homines
420 1740 577 1805 barbaros
610 1740 715 1804 valuit
745 1712 853 1826 esse(
850 1739 979 1827 aliquos
1016 1750 1165 1823 repertos
1177 1709 1333 1827 fflffit‘

116 1843 282 1928 principes
298 1842 456 1909 inferendi
471 1842 561 1923 belli,
577 1852 772 1927 tantamque
787 1844 941 1909 omnibus
955 1841 1165 1909 voluntatum

116 1948 409 2013 commutationem
433 1948 566 2026 attulit(
580 1956 618 2013 ut
646 1956 778 2030 praeter
803 1947 944 2012 Aeduos
968 1958 1003 2011 et
1029 1948 1166 2026 Remos,

115 2070 200 2134 quos
224 2052 402 2134 praecipuo
424 2066 557 2134 semper
580 2050 705 2115 honore
740 2050 862 2116 Caesar
890 2049 1016 2130 habuit,
1041 2049 1165 2117 alteros

116 2174 178 2238 pro
204 2163 316 2219 vetere
340 2174 379 2221 ac
405 2164 565 2238 perpetua
588 2174 666 2239 erga
691 2154 853 2238 populum
877 2155 1067 2221 Romanum
1091 2154 1166 2233 fide,

116 2256 240 2323 alteros
269 2279 329 2343 pro
359 2259 546 2323 recentibus
576 2258 695 2324 Gallici
725 2258 803 2324 belli
829 2257 954 2335 officiis,
979 2258 1070 2322 nulla
1097 2258 1166 2322 sere

86 2386 101 2435 5
116 2362 232 2429 civitas
247 2360 345 2427 suerit
359 2381 426 2441 non
442 2372 596 2445 suspecta
612 2362 717 2427 nobis.
763 2362 870 2451 quue
890 2363 976 2426 adeo
991 2360 1080 2425 haud
1095 2362 1165 2425 scio

116 2467 348 2531 mirandumne
370 2467 425 2544 sit,
447 2486 522 2532 cum
545 2464 771 2549 compluribus
792 2464 864 2531 aliis
886 2468 930 2531 de
951 2467 1069 2544 causis,
1090 2476 1164 2529 tum

117 2570 273 2646 maxime,
298 2571 388 2653 quod
414 2564 490 2659 [ei],
508 2570 566 2653 qui
588 2554 709 2636 virtute
732 2570 811 2635 belli
833 2570 986 2635 omnibus
1008 2568 1164 2652 gentibus

115 2673 393 2757 praeferebantur,
408 2682 539 2739 tantum
554 2696 590 2739 se
609 2673 679 2739 eius
702 2675 866 2759 opinionis
880 2675 1113 2758 deperdidisse,
1127 2681 1165 2737 ut

96 2778 272 2862 ¹apopulo
282 2772 437 2843 R'omano
448 2770 586 2861 imp‘eria
597 2778 785 2861 perferrent,
793 2779 986 2862 gravissime
994 2777 1164 2843 dolebant.

49 2898 93 2951 55
161 2882 297 2947 Treveri
322 2903 400 2947 vero
421 2891 523 2965 atque
548 2882 797 2948 indutiomarus
821 2882 924 2947 totius
947 2882 1066 2947 hiemis
1089 2884 1330 2965 nul-acuerunt·

112 2986 185 3050 lum
212 2996 344 3068 tempus
366 2986 618 3061 intermiserunt,
641 2986 721 3069 quin
744 2996 835 3051 trans
858 2985 1012 3051 Rhenum
1035 2952 1332 3070 legatosffiffl

114 3091 297 3167 mitterent,
320 3090 471 3154 civitates
496 3088 721 3168 sollicitarent,
744 3089 900 3172 pecunias
922 3089 1163 3174 pollicerentur,
1175 3085 1303 3134 nomam.

113 3196 121 3222 ‘
136 3212 259 3277 magna
272 3203 368 3275 parte
382 3194 548 3257 exercitus
567 3193 670 3258 nostri
690 3192 862 3259 interiecta
880 3194 986 3259 multo
1001 3196 1163 3259 minorem

85 3328 98 3361 2
113 3292 305 3381 supemse’
322 3296 468 3361 dicerent
483 3299 492 3327 ‘
505 3295 653 3378 partem!
698 3296 818 3379 Neque
835 3305 949 3361 tamen
964 3297 1022 3361 ulli
1037 3298 1165 3363 civitati

114 3401 358 3467 Germanorum
387 3401 577 3485 persuaderi
604 3400 723 3483 potuit,
748 3412 787 3465 ut
813 3400 971 3465 Rhenum
1000 3400 1164 3483 transiret,

112 3525 191 3571 cum
227 3511 281 3569 ‘se
310 3504 361 3569 bis
398 3503 574 3587 expertos'
608 3506 764 3579 dicerent,
798 3504 982 3569 ‘Ariovisti
1010 3504 1099 3569 bello
1130 3516 1164 3571 et

112 3608 354 3674 Tencterorum
391 3609 552 3674 transitu:
597 3629 664 3674 non
697 3628 770 3674 esse
806 3608 951 3691 amplius
995 3608 1162 3675 fortunam

83 3696 356 3796 3temptaturos.'
413 3711 488 3776 Hac
526 3733 586 3797 spe
622 3713 735 3797 lapsus
777 3712 1023 3778 Indutiomarus
1058 3713 1163 3780 nihilo

113 3820 223 3884 minus
244 3818 359 3900 copias
381 3836 508 3903 cogere,
522 3838 685 3895 exercere,
699 3839 721 3884 a
743 3816 894 3883 finitimis
915 3837 1019 3901 equos
1039 3812 1163 3902 parare,

145 3969 191 4017 54.
206 3970 219 4025 ς
234 3978 255 4014 n.
273 3966 452 4017 orvurnun
486 3964 580 4017 Caesar
589 3964 682 4016 admits
692 3964 718 4015 in
730 3964 763 4016 vi.
775 3976 800 4029 5,
813 3967 826 4025 ἱ
840 3977 853 4014 a
869 3963 923 4016 that
937 3964 976 4015 bis
986 3967 1102 4018 nominee
1112 3967 1164 4019 bad

111 4030 231 4083 deserved
240 4030 380 4097 expulsion.
