2984 4992
106 556 144 603 ει.
159 552 182 619 2]
337 553 390 605 ns
413 552 536 640 arcto
562 552 732 606 caturco.
784 554 856 606 arn
885 554 924 605 νι
1095 560 1156 625 227

105 714 242 799 amplius
256 716 445 799 quingentis
460 716 493 781 in
508 716 750 802 longitudinem
765 726 869 803 patet,
885 716 1027 784 Lucium
1042 714 1153 783 Minu·
1167 718 1223 772 Tne
1234 721 1296 771 silve

105 818 190 884 cium
221 818 367 885 Basilum
397 840 472 887 cum
502 822 592 886 omni
620 824 769 905 equitatu
798 822 997 904 praemittit·
1013 822 1041 887 si
1070 822 1152 905 quid
1165 787 1307 927 prgam

105 923 270 989 celeritate
284 923 531 1008 itineris'atque
548 926 797 1011 opportunitate
815 926 975 1009 temporis
994 924 1154 1008 proficere
1166 942 1267 1019 enemy

78 1038 235 1112 5posset3
258 1038 380 1106 monet,
396 1038 433 1093 ut
449 1030 542 1112 ignes
559 1029 592 1095 in
614 1028 815 1096 castris-fieri
829 1028 1015 1114 prohibeat,
1029 1049 1073 1093 ne
1087 1050 1154 1114 qua
1166 1018 1285 1123 {ffloe'

105 1130 173 1195 eius
188 1130 351 1197 adventus
366 1133 479 1215 procul
495 1132 691 1217 significatio
705 1132 786 1213 fiat;
805 1154 877 1199 sese
892 1133 1063 1199 confestim
1077 1135 1155 1199 sub·

106 1235 197 1316 sequi
213 1236 302 1301 dicit.

54 1352 95 1406 80
150 1339 289 1417 Basilus,
304 1351 343 1406 ut
363 1341 562 1423 imperatum
586 1351 646 1417 est,
664 1340 752 1408 facit.
798 1341 958 1407 Celeriter
974 1349 1156 1425 contraque
1168 1356 1244 1407 Hur-

106 1444 252 1508 omnium
282 1444 475 1527 opinionem
511 1445 662 1511 confecto
692 1446 808 1511 itinere
837 1444 960 1511 multos
996 1446 1030 1509 in
1067 1447 1155 1529 agris
1166 1424 1296 1553 embol

104 1546 313 1631 inopinantes
353 1547 593 1631 deprehendit;
637 1569 752 1614 comm
791 1549 914 1614 indicio
957 1549 1001 1615 ad
1045 1550 1154 1633 ipsum
1167 1554 1306 1604 Ambiorix.

107 1651 336 1736 Ambiorigem
352 1652 533 1729 contendit,
548 1652 664 1736 quoin
680 1653 755 1718 loco
770 1673 846 1719 curn
861 1654 977 1737 paucis
990 1653 1156 1737 equitibus

79 1779 175 1823 resse
189 1758 371 1825 dicebatur.
418 1758 563 1823 Multum
587 1780 662 1825 cum
682 1760 715 1824 in
739 1761 894 1825 omnibus
913 1763 1013 1826 rebus
1029 1770 1102 1827 tum
1122 1761 1156 1825 in

107 1884 140 1927 re
169 1863 303 1928 militari
333 1872 446 1946 potest
475 1862 617 1927 fortuna.
662 1864 753 1928 Nam
781 1864 868 1931 sicut
890 1885 1014 1949 magno
1036 1865 1157 1931 accidit

106 1986 192 2047 orsu,
222 1979 260 2034 ut
291 1969 323 2032 in
354 1968 464 2051 ipsum
495 1969 664 2033 incautum
691 1968 793 2033 etiam
823 1978 925 2051 atque
954 1970 1155 2052 imparatum

106 2070 272 2150 incideret,
288 2073 444 2155 priusque
466 2072 538 2137 eius
557 2073 720 2137 adventus
741 2071 786 2136 ab
806 2071 965 2137 omnibus
979 2074 1158 2151 videretur,

106 2194 204 2257 quam
219 2176 311 2241 fama
328 2196 367 2241 ac
383 2176 517 2241 nuntius
528 2176 706 2252 afferretur,
717 2175 765 2241 sic
777 2195 920 2259 magnae
930 2175 994 2241 fuit
1004 2174 1157 2241 fortunae

107 2280 194 2343 omni
231 2279 364 2345 militari
396 2279 627 2358 instrumento,
657 2281 746 2364 quod
785 2280 908 2345 circum
937 2300 974 2344 se
1002 2278 1158 2357 habebat,

107 2393 227 2467 erepto,
258 2384 348 2448 redis
384 2384 543 2467 equisque
580 2382 827 2467 comprehensis
864 2384 974 2468 ipsum
1011 2382 1159 2467 effugere

80 2498 255 2560 nmortem.
302 2486 371 2553 Sed
397 2486 461 2551 hoc
484 2506 617 2570 quoque
646 2486 771 2552 factum
799 2498 861 2566 est,
885 2487 976 2571 quod
1006 2486 1158 2551 aedificio

109 2590 315 2656 circumdato
341 2591 434 2667 silva,
455 2602 493 2656 ut
515 2601 594 2656 sunt
617 2591 684 2657 fere
706 2591 874 2657 domicilia
896 2590 1079 2665 Gallorum,
1100 2590 1158 2673 qui

105 2694 229 2759 vitandi
245 2705 357 2760 aestus
373 2714 470 2759 causa
486 2694 683 2779 plerumque
694 2694 853 2760 silvarum
868 2704 972 2777 atque
983 2692 1158 2759 fluminum

106 2806 223 2879 petunt
238 2798 513 2885 propinquitates,
526 2797 664 2864 comites
679 2798 923 2881 familiaresque
935 2800 1005 2863 eius
1014 2807 1157 2882 angusto

106 2901 137 2965 in
161 2903 235 2969 loco
257 2902 426 2988 paulisper
448 2904 597 2985 equitum
621 2912 808 2967 nostrorum
829 2903 899 2967 vim
920 2903 1157 2968 sustinuerunt.

77 3025 94 3073 4
107 3004 167 3072 His
182 3008 410 3093 pugnantibus
426 3006 517 3071 illum
533 3007 566 3071 in
585 3025 707 3090 equum
725 3007 862 3091 quidam
882 3027 927 3071 ex
942 3007 1011 3071 suis
1024 3006 1134 3072 intulit
1148 3027 1157 3084 ;

107 3107 290 3193 firgientem
311 3112 413 3175 silvae
433 3119 599 3176 texerunt.
646 3110 702 3177 Sic
725 3112 821 3176 etad
843 3111 1053 3175 subeundum
1072 3110 1157 3194 peri-

106 3216 214 3280 culum
231 3225 266 3281 et
281 3216 323 3280 ad
339 3214 514 3288 vitandum
531 3215 673 3279 multum
689 3214 823 3280 fortuna
836 3214 949 3279 valuit.

59 3331 93 3386 ³1
147 3320 330 3386 Ambiorix
345 3320 458 3403 copias
473 3340 549 3385 suas
571 3319 734 3385 iudicione
754 3341 822 3386 non
843 3319 1052 3397 conduxerit,
1066 3320 1157 3401 quod
1171 3325 1328 3390 Dlnipeuon

106 3426 230 3507 proelio
245 3424 471 3492 dimicandum
485 3445 551 3488 non
565 3424 774 3503 existimarit,
785 3444 829 3489 an
843 3434 994 3506 tempore
1002 3421 1157 3487 exclusus
1169 3390 1302 3507 gna„

105 3538 140 3593 et
161 3529 335 3613 repentino
357 3528 506 3610 equitum
527 3528 671 3593 adventu
686 3526 881 3610 prohibitus,
897 3546 973 3589 cum
996 3524 1158 3609 reliquum

79 3634 290 3697 rexercitum
316 3631 472 3716 subsequi
501 3632 658 3711 crederet,
683 3632 822 3695 dubium
853 3639 912 3695 est.
969 3627 1038 3694 Sed
1068 3640 1158 3695 certe

105 3734 248 3802 dimissis
264 3756 324 3821 per
339 3754 436 3820 agros
454 3734 578 3800 nuntiis
597 3734 660 3799 sibi
680 3754 847 3817 quemque
867 3730 1036 3798 consulere
1053 3732 1157 3799 iussit.

138 3915 519 3975 t4.pouet...pronlbeet.
540 3910 607 3962 Roth
689 3912 984 3970 ao.51.quotnlooo.
1017 3910 1159 3977 Arthongln

83 3981 85 3989 ’
105 3992 237 4044 aequenoea
255 3994 299 4029 ere
317 3978 462 4028 admirsible
482 3978 545 4028 after
564 3976 607 4027 the
658 3976 706 4026 ‘ad
717 3991 775 4025 eum
786 3973 884 4026 loeum’
895 3974 1085 4041 bedpreoeded

105 4042 207 4095 historic
221 4050 329 4110 praeut
362 4043 410 4109 Cp.
422 4043 439 4093 l.
451 4042 476 4107 8,
489 4047 502 4104 ἱ
517 4058 539 4095 n.
692 4045 883 4103 intortum
910 4039 945 4092 iv.
959 4038 1060 4106 παῖε.

599 4138 659 4203 Q2
