2984 4992
100 568 154 615 so.
168 562 199 629 3]
337 562 391 616 ns
412 563 537 617 sauro
562 564 730 617 nazareo
783 565 853 617 cm.
884 567 938 618 νιι
1101 558 1162 637 283

98 725 269 790 exaudito
299 724 452 805 clamore,
478 727 558 791 inde
586 728 689 791 etiam
719 727 842 793 crebris
872 727 996 793 nuntiis
1023 728 1159 803 incitati,
1172 736 1276 789 andthe

99 829 271 913 oppidum
287 850 307 893 a
323 830 485 895 Romanis
505 831 619 909 teneri,
634 830 824 914 praemissis
846 832 1013 914 equitibus
1036 853 1159 917 magno
1171 802 1322 935 ffiffi,

70 952 269 997 aconcursu
295 953 337 997 eo
362 934 612 999 contenderunt
657 936 783 999 Eorum
809 944 846 999 ut
870 936 1009 1019 quisque
1034 937 1159 1019 primus
1172 936 1289 985 Romans.

99 1047 254 1113 venerat,
277 1036 339 1102 sub
364 1058 460 1102 muro
486 1038 688 1103 consistebat
711 1058 913 1123 suorumque
939 1042 1158 1123 pugnantium

70 1160 281 1209 enumerum
296 1141 448 1225 augebat
490 1140 642 1225 Quorum
657 1162 732 1207 cum
749 1163 871 1228 magna
886 1143 1067 1209 multitudo
1083 1164 1161 1209 con-

100 1241 261 1319 venisset,
286 1240 563 1321 matresfamiliae,
589 1262 674 1325 quae
700 1242 802 1326 paulo
824 1252 904 1307 ante
930 1243 1092 1308 Romanis
1119 1245 1162 1309 de

101 1365 205 1409 muro
228 1365 346 1410 manus
368 1346 561 1429 tendebant,
579 1366 658 1411 suos
679 1347 839 1412 obtestari
861 1357 896 1412 et
918 1366 1010 1411 more
1032 1344 1162 1412 Gallico

100 1468 244 1531 passum
259 1450 415 1533 capillum
427 1460 593 1516 ostentare
608 1450 795 1535 liberosque
809 1452 842 1515 in
854 1460 1068 1534 conspectum
1083 1471 1160 1536 pro·

71 1552 194 1622 sferre
221 1563 411 1635 coeperunt.
457 1554 539 1619 Erat
564 1555 727 1619 Romanis
748 1574 810 1619 nec
832 1555 908 1619 loco
934 1576 995 1621 nec
1022 1574 1160 1619 numero

101 1677 215 1739 aequa
231 1659 400 1723 contentio
415 1682 423 1735 ;
445 1657 543 1723 simu
559 1670 593 1724 et
607 1680 703 1723 cursu
718 1670 753 1724 et
768 1659 877 1743 spatio
892 1679 1025 1743 pugnae
1043 1659 1159 1723 defati-

102 1761 176 1845 gati
193 1781 262 1826 non
277 1760 373 1826 facile
388 1772 536 1827 recentes
550 1777 649 1845 atque
663 1763 811 1846 integros
825 1764 1042 1828 sustinebant.

41 1883 84 1935 49
148 1862 288 1948 Caesar,
310 1886 384 1929 cum
406 1866 519 1950 iniquo
540 1866 616 1931 loco
641 1866 783 1951 pugnari
808 1866 1019 1950 hostiumque
1044 1867 1262 1949 sugerium

103 1968 222 2052 copias
254 1969 390 2046 videret,
418 1979 649 2054 praemetuens
678 1971 745 2034 suis
775 1970 818 2035 ad
849 1970 964 2034 Titum
1003 1970 1157 2037 Sextium
1169 1954 1283 2063 ffiffi

104 2072 266 2156 legatum,
289 2093 389 2156 quem
422 2074 603 2139 minoribus
633 2074 750 2138 castris
779 2074 945 2159 praesidio
973 2074 1159 2157 reliquerat,

105 2176 204 2257 misit,
227 2185 268 2241 ut
292 2176 445 2243 cohortes
469 2197 514 2241 ex
538 2178 653 2242 castris
676 2176 827 2241 celeriter
855 2178 1012 2243 educeret
1035 2188 1070 2243 et
1096 2181 1159 2243 sub

79 2281 224 2346 ainfimo
241 2280 326 2345 colle
340 2281 384 2345 ab
404 2283 526 2346 dextro
541 2281 644 2347 latere
661 2280 809 2347 hostium
828 2282 1052 2360 constitueret,
1069 2284 1158 2363 ut‚si

104 2395 241 2450 nostros
262 2384 336 2450 loco
358 2383 515 2468 depulsos
536 2386 682 2466 vidisset,
700 2405 768 2467 quo
791 2386 899 2449 minus
921 2384 1026 2449 libere
1045 2384 1158 2451 hostes

80 2487 365 2572 rinsequerentun
390 2497 536 2553 terreret.
581 2489 660 2571 Ipse
685 2489 825 2573 paulum
851 2508 895 2552 ex
921 2510 961 2553 eo
985 2487 1059 2555 loco
1081 2509 1157 2554 cum

106 2590 239 2675 legione
276 2613 476 2677 progressus,
509 2592 564 2656 ubi
599 2594 804 2673 constiterat,
833 2602 989 2657 eventum
1028 2613 1159 2677 pugnae

107 2697 335 2781 exspectabat.

53 2815 92 2866 50
150 2799 236 2865 Cum
264 2803 423 2867 acerrime
445 2802 629 2867 comminus
652 2810 862 2886 pugnaretur,
883 2800 997 2865 hostes
1026 2799 1100 2866 loco
1123 2810 1158 2865 et
1170 2818 1246 2870 Peme

107 2923 253 2984 numero,
278 2906 385 2971 nostri
412 2906 533 2970 virtute
562 2906 772 2984 confiderent,
798 2905 907 2970 subito
936 2914 1015 2969 sunt
1045 2904 1157 2970 Aedui
1170 2884 1326 3015 {ffb}

107 3008 165 3070 visi
181 3011 225 3075 ab
241 3010 346 3075 latere
357 3009 477 3075 nostris
492 3019 618 3095 aperto,
630 3030 713 3092 quos
729 3008 853 3074 Caesar
867 3008 911 3072 ab
926 3010 1046 3073 dextra
1062 3018 1219 3131 parteAEd
1170 3030 1257 3130 mu?
1278 3016 1321 3066 the

87 3109 173 3176 ralio
201 3132 341 3177 ascensu
379 3132 498 3177 manus
527 3113 737 3177 distinendae
778 3131 877 3177 causa
908 3110 1050 3178 miserat.
1108 3080 1246 3175 HiAEun

110 3213 322 3281 similitudine
335 3236 505 3280 armorum
520 3216 733 3281 vehementer
752 3225 882 3281 nostros
901 3224 1159 3299 perterruerunt,

110 3337 147 3381 ac
169 3320 304 3385 tametsi
328 3320 457 3384 dextris
486 3320 606 3385 umeris
634 3320 774 3386 exsertis
803 3318 1159 3395 animadverterentur,

111 3424 196 3501 quod
211 3424 341 3508 insigne
354 3436 511 3506 pacatum
526 3444 597 3489 esse
612 3431 795 3500 consuerat,
809 3434 924 3488 tamen
938 3423 972 3486 id
987 3423 1094 3504 ipsum
1109 3422 1159 3486 sui

111 3520 243 3593 fallendi
265 3548 368 3593 causa
386 3528 508 3594 milites
530 3529 575 3593 ab
592 3527 745 3593 hostibus
767 3528 892 3591 factum
911 3526 1157 3591 existimabant.

87 3626 239 3696 sEodem
268 3642 424 3715 tempore
454 3632 577 3697 Lucius
607 3631 731 3696 Fabius
761 3632 907 3695 centurio
936 3630 1059 3713 quique
1089 3650 1156 3695 una
1169 3648 1225 3701 The

111 3750 236 3799 murum
261 3736 478 3803 ascenderant
502 3736 717 3801 circumventi
742 3745 843 3819 atque
872 3733 1033 3799 interfecti
1061 3754 1155 3801 muro
1168 3714 1280 3839 ᾗῇ

212 3930 365 3983 ·‘.’delnde
689 3934 1157 3997 50.51.abdextrsperto.45,

145 3996 431 4055 tswmoreeuuoo
471 3998 519 4064 Cp.
540 3996 607 4049 what
659 4002 725 4059 510.

112 4054 478 4116 issaidoitbeGermansini
488 4014 528 4129 591,
542 4056 589 4127 33.
