2984 4992
114 570 166 619 44.
180 566 208 633 8]
368 565 422 617 DE
444 565 569 618 BELLO
594 565 762 617 GALLICO.
814 566 884 617 ΜΒ.
909 567 928 617 1
1132 576 1171 639 53

114 747 215 791 orum
245 726 383 791 domum
418 726 587 791 remittere
620 736 741 809 posset,
772 736 808 791 at
838 748 881 792 ne
910 746 995 810 quos
1029 728 1171 811 amplius

115 830 278 895 Rhenum
301 830 440 897 transire
462 830 648 915 pateretur?

46 946 93 999 44
162 934 355 1000 Ariovistus
377 936 421 999 ad
444 934 613 1018 postulata
632 934 783 999 Caesaris
803 955 910 1019 pauca
932 936 1112 1020 respondit,
1127 940 1169 1003 de

82 1039 186 1103 asnis
214 1039 393 1104 virtutibus
423 1038 527 1103 multa
556 1039 779 1124 praedicavit:
813 1039 986 1105 ‘transisse
1012 1039 1168 1105 Rhenum

113 1162 190 1207 sese
204 1162 272 1209 non
288 1162 349 1208 sua
363 1152 492 1225 sponte,
504 1144 564 1207 sed
583 1153 737 1227 rogatum
752 1153 788 1208 et
802 1143 995 1208 arcessitum
1010 1162 1032 1207 a
1043 1142 1167 1221 Gallis3

112 1266 182 1310 non
198 1247 270 1311 sine
288 1266 410 1329 magna
424 1266 484 1329 spe
502 1247 696 1329 magnisque
715 1246 870 1331 praemiis
884 1247 1022 1311 domum
1038 1250 1168 1331 propin·

112 1370 267 1434 quosque
299 1350 491 1433 reliquisse3
527 1352 622 1416 sedes
655 1350 778 1415 habere
807 1351 842 1415 in
872 1349 981 1415 Gallia
1011 1352 1055 1414 ab
1088 1352 1167 1434 ipsis

111 1474 298 1533 concessas,
318 1454 451 1521 obsides
473 1456 618 1539 ipsorum
638 1453 809 1519 voluntate
828 1454 944 1531 datos3
966 1454 1167 1537 stipendium

111 1579 233 1641 capere
255 1558 326 1624 iure
347 1559 435 1635 belli,
450 1558 542 1641 quod
562 1558 702 1623 victores
721 1558 818 1623 victis
840 1558 1009 1641 imponere
1031 1578 1167 1623 consue·

80 1664 190 1747 3rint.
235 1663 315 1727 Non
332 1682 404 1727 sese
420 1661 535 1741 Gallis,
551 1664 610 1727 sed
627 1660 742 1726 Gallos
762 1661 826 1725 sibi
847 1661 972 1727 bellum
993 1662 1164 1740 intulisse;

111 1786 231 1831 omnes
249 1764 379 1832 Galliae
401 1766 551 1830 civitates
570 1767 615 1830 ad
636 1786 671 1829 se
691 1766 953 1849 oppugnandum
973 1766 1103 1832 venisse
1124 1789 1163 1831 ac

110 1881 230 1935 contra
253 1890 290 1935 se
312 1880 419 1935 castra
441 1868 614 1944 habuisse;
644 1888 699 1933 eas
722 1888 840 1933 omnes
862 1870 976 1953 copias
996 1890 1018 1933 a
1039 1888 1076 1935 se
1097 1892 1164 1937 uno

79 1973 243 2063 ⁴proelio
272 1972 384 2057 pulsas
414 1992 454 2037 ac
479 1982 651 2058 superatas
677 1992 759 2037 esse.
805 1970 842 2037 Si
868 1973 989 2039 iterum
1017 1974 1163 2058 experiri

109 2076 225 2155 velint,
250 2098 286 2141 se
312 2078 430 2142 iterum
458 2086 611 2161 paratum
638 2096 709 2141 esse
734 2077 921 2153 decertare3
954 2077 983 2141 si
1007 2096 1091 2161 pace
1116 2079 1164 2143 uti

109 2181 226 2256 velint,
252 2182 403 2263 iniquum
434 2201 506 2246 esse
533 2182 575 2245 de
605 2180 771 2264 stipendio
795 2200 954 2255 recusare,
981 2183 1071 2263 quod
1102 2203 1163 2246 sua

81 2285 284 2367 5voluntate
298 2285 342 2350 ad
358 2286 394 2351 id
413 2294 545 2368 tempus
565 2284 792 2369 pependerint.
837 2282 1032 2349 Amicitiam
1047 2286 1163 2368 populi

111 2389 258 2455 Romani
284 2389 346 2454 sibi
373 2399 567 2454 ornamento
598 2400 631 2453 et
661 2388 837 2471 praesidio,
862 2408 930 2453 non
959 2389 1162 2455 detrimento

109 2514 183 2559 esse
198 2504 360 2576 oportere,
376 2494 477 2576 idque
491 2514 527 2557 se
549 2514 587 2557 ea
608 2512 667 2575 spe
687 2494 819 2575 petisse.
865 2490 902 2557 Si
922 2512 982 2576 per
1000 2492 1161 2577 populum

110 2597 304 2663 Romanum
340 2598 546 2682 stipendium
576 2597 764 2661 remittatur
792 2604 826 2661 et
855 2595 1001 2661 dediticii
1030 2597 1161 2661 subtra-

109 2701 243 2780 hantur,
273 2722 339 2765 non
372 2701 481 2765 minus
511 2700 655 2764 libenter
685 2718 759 2763 sese
787 2710 1013 2764 recusaturum
1044 2701 1161 2785 populi

81 2828 97 2878 ⁶
110 2806 257 2871 Romani
269 2806 460 2881 amicitiam,
471 2824 571 2887 quarn
584 2804 769 2888 appetierit.
800 2803 902 2886 Quod
915 2803 1159 2869 multitudinem

110 2910 353 2975 Germanorum
376 2910 409 2973 in
434 2908 576 2974 Galliam
600 2908 764 2987 traducat,
784 2908 819 2972 id
842 2908 954 2973 sesni
977 2909 1159 2985 muniendi,

109 3036 174 3080 non
199 3014 329 3080 Galliae
351 3014 598 3097 impugnandae
624 3032 723 3077 causa
750 3011 876 3077 facere:
901 3013 972 3077 eius
994 3014 1041 3077 rei
1064 3016 1158 3079 testi·

110 3120 261 3184 monium
287 3138 368 3193 esse,
389 3119 482 3201 quod
509 3118 571 3181 nisi
597 3124 733 3199 rogatus
759 3136 826 3181 non
851 3117 979 3182 venerit
1004 3128 1040 3183 et
1065 3120 1157 3199 quod

82 3222 234 3299 ybellum
250 3243 316 3287 non
332 3220 487 3297 intulerit,
499 3223 559 3286 sed
576 3219 767 3285 defenderit
806 3219 852 3285 Se
867 3222 958 3303 prius
969 3222 1003 3284 in
1013 3219 1157 3286 Galliam

107 3328 236 3393 venisse
251 3346 351 3411 quam
368 3326 527 3410 populum
544 3325 743 3388 Romanum.
791 3324 985 3407 Numquam
1001 3324 1157 3390 antehoc

107 3442 242 3515 tempus
272 3430 455 3495 exercitum
486 3428 600 3514 populi
631 3428 777 3492 Romani
808 3427 936 3494 Galliae
969 3428 1158 3511 provinciae

80 3536 227 3601 ufinibus
247 3554 425 3619 egressum.
471 3532 563 3617 Quid
581 3531 644 3595 sibi
665 3532 774 3609 vellet,
789 3552 847 3595 cur
869 3532 903 3595 in
925 3550 1002 3594 suas
1024 3550 1157 3613 posses·

103 3641 214 3706 siones
240 3640 391 3705 veniret?
436 3636 642 3701 Provinciam
669 3654 765 3700 suam
796 3635 881 3699 hanc
906 3656 979 3701 esse
1003 3633 1157 3709 Galliam,

136 3866 359 3925 aerem
391 3862 604 3927 Pleu-eon
687 3862 818 3912 unum:
844 3895 851 3909 .
875 3864 1067 3913 ennean
1107 3864 1158 3914 ror
1244 3832 1270 3855 ”

137 3932 151 3987 ἱ
175 3928 199 3977 6.
227 3930 358 3979 flatum
398 3928 537 3992 Excluding
563 3928 606 3977 tbe
655 3926 766 3976 'bellum
790 3925 1027 3978 defendere-‘aet
1051 3943 1086 3979 on
1113 3929 1156 3980 tlte

105 3992 534 4121 llelnss’esllthemm'hm
557 3992 605 4059 Cp.
655 3991 797 4123 ficosi&
818 4010 859 4061 ep.
879 3994 906 4043 ii
926 4008 967 4061 29,
984 3999 998 4055 t
1016 4009 1047 4060 5:
1064 3996 1097 4047 ri
1117 4010 1154 4058 23,
