2984 4992
149 526 230 592 18.5]
385 527 438 579 DE
460 528 584 580 BELLO
610 528 779 581 GALLICO.
828 530 899 581 LIB.
929 530 969 581 VI
1141 539 1201 603 215

149 707 186 751 se
201 688 250 753 uti
265 687 434 767 videbant,
450 688 583 773 reliquis
600 690 698 757 rebus
716 710 830 756 eorum
847 690 956 774 gratia
972 691 1200 776 dignitateque

119 804 133 857 ι
149 791 362 874 amplificata,
379 788 525 877 Sequani
540 795 764 877 principatum
780 794 982 861 dimiserant
1026 794 1067 859 In
1083 816 1199 861 eorum

150 894 259 959 locum
286 896 385 961 Remi
411 907 645 975 successerant,
668 916 754 979 quos
778 898 871 981 quod
896 899 1083 982 adaequare
1108 902 1198 984 apud

150 996 328 1063 Caesarem
355 1002 463 1084 gratia
489 1001 754 1085 intellegebatur,
775 1002 808 1079 ii,
830 1002 888 1085 qui
914 1013 1052 1087 propter
1072 1015 1200 1069 veteres

148 1102 336 1168 iuimicitias
359 1103 450 1170 nullo
477 1106 580 1170 modo
605 1125 682 1170 cum
707 1104 835 1171 Aeduis
858 1107 1014 1188 coniungi
1036 1116 1199 1191 poteraut,

115 1220 185 1271 use
212 1206 328 1273 Remis
353 1208 387 1272 in
414 1208 602 1273 clientelam
632 1210 801 1276 dicabant.
846 1209 921 1274 Hos
946 1208 994 1273 illi
1024 1209 1199 1294 diligenter

147 1309 327 1375 tuebantur
340 1334 349 1390 ς
371 1312 465 1377 itaet
481 1332 603 1378 novam
619 1322 653 1378 et
671 1323 809 1396 repente
825 1312 998 1378 collectam
1019 1316 1197 1380 auctorita·

115 1434 133 1484 9
146 1425 217 1479 tem
233 1416 400 1480 tenebant.
446 1415 500 1481 Eo
512 1427 584 1481 tum
600 1425 688 1481 statu
705 1436 756 1480 res
770 1425 852 1495 erat,
863 1425 901 1481 ut
915 1416 1015 1500 longe
1031 1418 1197 1501 principes

145 1516 347 1585 haberentur
382 1518 505 1598 Aedui,
533 1520 715 1585 secuudum
749 1518 860 1585 locum
896 1519 1068 1603 dignitatis
1097 1521 1196 1587 Remi

146 1622 344 1689 obtinerent.

90 1741 132 1795 18
192 1726 232 1791 in
264 1728 355 1792 omni
385 1725 495 1793 Gallia
525 1747 640 1793 eorum
670 1726 854 1807 hominum,
884 1728 941 1810 qui
974 1726 1086 1812 aliquo
1115 1738 1304 1793 suntclues

145 1850 284 1897 numero
308 1842 410 1915 atque
432 1830 570 1912 honore,
592 1852 712 1914 genera
736 1842 815 1896 sunt
840 1832 917 1897 duo.
963 1832 1052 1896 Nam
1078 1831 1193 1915 plebes
1205 1807 1351 1921 ffi‘ss‘h‘

145 1954 250 2017 paene
272 1954 439 2001 servorum
461 1935 604 2001 habetur
626 1935 712 2015 loco,
732 1955 818 2019 quae
839 1935 920 1999 nihil
942 1936 1044 2001 audet
1066 1956 1125 2019 per
1146 1957 1192 2017 se,
1208 1936 1314 2001 1¹)The

113 2072 127 2105 2
143 2038 235 2103 nullo
253 2039 429 2105 adhibetur
443 2040 589 2105 consilio.
636 2039 800 2123 Plerique,
814 2058 890 2103 cum
911 2051 970 2105 aut
991 2060 1066 2105 aere
1085 2041 1193 2108 alieno
1205 2018 1343 2055 commone.

143 2152 203 2207 aut
237 2144 467 2227 magnitudine
503 2144 702 2210 tributorum
732 2154 792 2209 aut
821 2145 939 2209 iniuria
968 2146 1192 2228 potentiorum

112 2256 347 2330 gpremuntur,
364 2267 437 2313 sese
451 2248 485 2311 in
504 2248 696 2313 servitutem
718 2248 832 2313 dicant
852 2248 1027 2313 nobilibus.
1073 2249 1113 2312 In
1130 2250 1193 2314 hos
1243 2277 1246 2283 ¹

141 2351 260 2416 eadem
283 2350 395 2417 omnia
418 2361 495 2416 sunt
519 2350 600 2429 iura,
621 2370 708 2433 quae
730 2350 872 2415 dominis
899 2352 933 2415 in
956 2371 1077 2416 servos.
1122 2350 1191 2416 Sed

141 2455 184 2519 de
206 2454 258 2518 his
281 2454 410 2519 duobus
433 2453 609 2538 generibus
632 2454 774 2519 alterum
797 2465 849 2520 est
871 2456 1036 2533 druidum,
1051 2453 1190 2519 alterum

108 2558 302 2640 4equitum.
348 2556 402 2622 Illi
424 2557 523 2622 rebus
544 2556 663 2622 divinis
685 2558 862 2637 intersunt,
874 2557 1034 2622 sacrificia
1055 2558 1189 2641 publica
1204 2566 1243 2632 (ι)
1256 2568 1311 2645 The

140 2682 180 2727 ac
203 2662 331 2746 privata
353 2672 541 2747 procurant,
564 2661 740 2746 religiones
761 2661 1038 2744 interpretantur;
1065 2662 1109 2726 ad
1131 2682 1189 2727 eos
1201 2633 1327 2751 ἓξὲξ,

140 2784 281 2850 magnus
307 2765 569 2831 adulescentium
598 2784 755 2831 numerus
776 2764 968 2848 disciplinae
989 2786 1088 2831 causa
1110 2763 1293 2843 οοιι-ᾏΙιιί,οιιε
1302 2766 1351 2816 and

107 2882 122 2933 5
139 2870 249 2949 currit,
267 2890 456 2954 magnoque
477 2869 512 2933 hi
535 2878 614 2934 sunt
635 2869 727 2954 apud
748 2889 807 2934 eos
828 2870 962 2934 honore
1008 2870 1098 2934 Nam
1120 2829 1331 2948 iereffiiissg

138 2975 183 3039 de
212 2973 367 3039 omnibus
396 2974 626 3039 controversiis
660 2972 803 3057 publicis
833 2972 1037 3057 privatisque
1065 2975 1187 3039 consti-

173 3106 227 3168 56.
245 3111 448 3168 dignitateque.
483 3108 506 3159 It
521 3109 637 3160 lemme·
689 3123 736 3159 one
752 3108 781 3159 oi
795 3108 838 3159 the
854 3108 1048 3160 reasonswbicb
1062 3108 1189 3159 madethe

137 3174 206 3226 what
225 3189 278 3225 rare
296 3182 323 3225 to
343 3174 393 3225 find
413 3174 455 3225 the
477 3174 576 3225 euclitlc
593 3190 637 3288 ap·
687 3174 865 3225 Catilinariaun
892 3175 958 3240 hope
985 3174 1025 3223 ior
1055 3174 1119 3225 their
1145 3190 1187 3225 co·

137 3240 237 3307 pended
260 3248 288 3289 to
309 3256 324 3289 ιι
346 3240 415 3290 word
442 3238 534 3304 ending
560 3240 586 3289 in
631 3276 636 3287 .
688 3256 704 3290 ο
736 3241 824 3291 ration.
850 3240 949 3291 'sulust
962 3240 1030 3305 (Cat.
1041 3238 1188 3305 4o)speaks

136 3307 186 3356 We
203 3304 255 3355 lind
271 3304 291 3355 it
307 3305 438 3371 appended
456 3312 482 3355 to
498 3306 514 3355 ia
529 3306 554 3355 iu
567 3304 637 3355 'rell
688 3256 951 3382 oiilremas‘publioe
959 3306 1187 3371 privatimqoeaere

136 3371 362 3494 qugqririiilglitrirlri
373 3372 555 3497 &mliii-cini,
570 3434 637 3486 ‘had
687 3370 949 3500 minzoffih
991 3434 1088 3495 Strabo,
1109 3435 1142 3484 iv.
1159 3450 1184 3500 4,

133 3503 171 3552 let
199 3500 264 3553 their
285 3517 429 3567 rupremacy
451 3502 501 3567 elip
528 3502 637 3567 through
688 3504 702 3561 5
771 3499 840 3551 torm
865 3500 891 3551 ul
914 3502 959 3549 οὐκ
979 3501 1036 3549 dno
1059 3499 1185 3563 Δροῑθῶνι

134 3568 201 3618 their
228 3566 335 3632 fingem'
375 3568 422 3619 See
449 3568 475 3617 li.
505 3580 546 3629 ιι,
576 3570 588 3625 5
619 3565 636 3616 6
687 3515 792 3617 nia.
812 3579 853 3628 31,
870 3564 1114 3629 ς4ἕθοισαύτοΐι
1131 3566 1185 3615 ἔστι

134 3633 302 3683 ‘dimitteret’
686 3632 777 3695 μηδένα
807 3630 892 3681 θυσίαν
919 3631 995 3681 ποιεῖν
1024 3628 1083 3680 ἄνευ
1113 3638 1184 3695 φιλο-

171 3703 185 3759 5
214 3709 238 3763 7.
267 3702 433 3757 οάιιοοιιοτο.
478 3696 636 3749 Understaud
687 3696 773 3761 odom.

134 3765 245 3815 Aeduos
282 3763 330 3829 Cp.
343 3763 359 3811 i.
370 3763 413 3827 48,
427 3768 440 3823 ς
454 3772 484 3828 7:
502 3780 525 3813 v.
538 3764 561 3825 8,
577 3768 626 3827 §4
720 3768 770 3827 55.
788 3766 1182 3826 deomnibuuoontrovenfln,

167 3833 210 3880 18.
239 3834 254 3889 ς
281 3833 304 3880 L
332 3831 423 3894 nuno,
455 3829 547 3879 dative.
588 3828 635 3881 See
685 3832 732 3880 dno.
772 3827 864 3879 Strabo
886 3844 943 3892 says
964 3828 993 3878 oi
1018 3828 1060 3879 the
1082 3829 1185 3891 Druids,

133 3912 156 3944 v.
172 3893 400 3959 27,55‘nltene.'
684 3892 831 3943 δικαιότατα
859 3893 886 3943 ol
913 3891 1058 3956 νομίζονται,
1080 3894 1121 3944 nol
1146 3894 1185 3943 ded

168 3963 221 4019 tr.
239 3974 303 4010 nore
318 3963 420 4013 alieno.
453 3959 509 4012 The
524 3976 635 4027 pressure
683 3960 760 4010 τοῦτο
781 3956 936 4008 πιστεύονται
956 3959 998 4011 vde
1017 3977 1046 4011 τι
1068 3959 1186 4011 thanah

133 4025 163 4076 oi
178 4026 237 4077 debt
253 4040 346 4091 among
362 4025 405 4078 the
421 4025 573 4092 Allobroges
583 4042 634 4077 was
683 4026 770 4092 κρίσεις
780 4024 821 4077 ool
831 4023 874 4076 ris
884 4022 972 4079 norm.
