2984 4992
134 570 162 617 8.
173 564 202 631 6]
368 568 422 621 DE
444 568 567 621 BELLO
592 567 762 621 GALLICO.
813 566 886 619 [ΑΒ.
916 565 955 617 VI
1126 572 1185 617 211

134 740 172 795 ut
211 753 254 797 ex
289 752 411 817 magno
449 731 622 799 Gallorum
657 731 807 813 equitum
840 726 977 797 numero
1010 733 1188 799 nonnullos

105 834 273 901 8Gallicis
295 838 394 902 rebus
415 836 525 902 favere
549 846 667 902 natura
694 836 846 920 cogebat.
892 835 1061 902 Labienus
1085 848 1186 903 noctu

136 942 278 1006 tribunis
308 940 452 1006 militum
476 940 659 1026 primisque
684 940 855 1005 ordinibus
880 942 1079 1015 convocatis,
1105 943 1186 1025 quid

136 1045 188 1109 sui
209 1044 252 1109 sit
271 1043 407 1123 consilii,
422 1043 580 1130 proponit
594 1054 638 1121 et,
653 1063 721 1126 quo
742 1043 869 1109 facilius
888 1044 1039 1109 hostibus
1058 1046 1189 1111 timoris

138 1150 196 1213 det
211 1149 445 1232 suspicionem,
458 1138 581 1213 maiore
593 1148 733 1231 strepitu
746 1158 781 1213 et
792 1148 946 1225 tumultu,
955 1169 1056 1231 quam
1071 1150 1188 1235 populi

139 1253 284 1318 Romani
301 1236 362 1318 fert
377 1255 591 1329 consuetudo
607 1263 715 1318 castra
733 1254 857 1317 moveri
874 1252 976 1317 iubet.
1012 1252 1077 1317 His
1088 1254 1187 1319 rebus

105 1357 236 1442 9fugae
259 1356 401 1423 similem
423 1357 663 1442 profectionem
686 1356 803 1422 effecit.
849 1357 944 1422 Haec
972 1377 1106 1440 quoque
1129 1378 1187 1441 per

137 1460 366 1544 exploratores
381 1471 458 1527 ante
473 1460 580 1527 lucem
591 1462 729 1527 intanta
744 1462 993 1546 propinquitate
1004 1471 1187 1527 castrorum

137 1566 181 1630 ad
197 1565 310 1631 hostes
326 1564 525 1631 deferuntur.

99 1682 122 1737 Β
180 1669 250 1733 Vix
271 1690 390 1751 agmen
410 1668 623 1734 novissimum
640 1678 738 1733 extra
755 1670 954 1734 munitiones
974 1678 1187 1754 processerat,

137 1792 213 1838 cum
239 1772 326 1837 Galli
346 1774 509 1839 cohortati
527 1774 613 1838 inter
633 1794 677 1851 se,
693 1772 756 1837 ‘ne
774 1783 940 1856 speratam
962 1772 1121 1858 praedam
1142 1794 1187 1837 ex

138 1877 292 1941 manibus
317 1876 543 1956 dimitterent3
570 1876 708 1960 longum
731 1897 803 1941 esse
824 1878 1005 1960 perterritis
1026 1878 1187 1943 Romanis

137 1978 379 2045 Germanorum
395 1980 557 2044 auxilium
572 1990 776 2063 exspectare,
792 2001 900 2064 neque
919 2001 1013 2046 suam
1028 1980 1098 2064 pati
1114 1982 1186 2065 dig-

136 2085 284 2161 nitatem,
300 2093 337 2147 ut
352 2086 454 2149 tantis
469 2084 571 2168 copiis
586 2094 656 2149 tam
672 2087 829 2169 exiguam
845 2105 980 2149 manum
995 2086 1187 2169 praesertim

139 2186 324 2271 fugientem
339 2198 441 2270 atque
456 2188 650 2273 impeditam
666 2188 788 2253 adoriri
802 2210 868 2253 non
883 2186 1049 2263 audeant,’
1064 2188 1188 2253 flumen

136 2291 276 2356 transire
291 2300 325 2355 et
339 2291 452 2375 iniquo
468 2292 542 2357 loco
553 2293 759 2358 committere
769 2292 929 2377 proelium
946 2312 1011 2357 non
1023 2291 1187 2356 dubitant.

108 2395 236 2479 aQuae
258 2396 329 2461 fore
350 2397 537 2480 suspicatus
562 2396 739 2475 Labienus,
762 2407 800 2461 ut
822 2417 937 2462 omnes
960 2397 1042 2462 citra
1063 2396 1187 2459 flumen

136 2500 277 2575 eliceret,
287 2501 404 2565 eadem
414 2522 491 2565 usus
501 2500 710 2566 simulatione
722 2501 846 2566 itineris
857 2501 988 2583 placide
998 2500 1186 2583 progredie-

97 2622 123 2682 23
139 2604 243 2669 batur.
290 2605 378 2669 Tum
402 2606 587 2688 praemissis
609 2605 744 2688 paulum
768 2604 1014 2689 impedimentis
1036 2615 1136 2687 atque
1154 2605 1187 2668 in

136 2708 267 2773 tumulo
282 2708 429 2791 quodam
444 2708 624 2788 collocatis,
634 2707 1076 2792 ‘habetis,’inquit,‘milites,
1085 2729 1187 2792 quam

138 2814 278 2897 petistis,
293 2811 504 2878 facultatem:
527 2813 659 2879 hostem
679 2812 841 2896 impedito
858 2821 959 2895 atque
979 2814 1092 2898 iniquo
1112 2812 1187 2879 loco

104 2942 123 2992 4
137 2920 280 2998 tenetis;
304 2926 472 3000 praestate
486 2920 627 2983 eandem
643 2918 736 2982 nobis
752 2909 890 2983 dulcibus
904 2919 1072 2997 virtutem,
1086 2938 1187 3001 quam

137 3042 377 3106 saepenumero
395 3022 586 3105 imperatori
609 3022 829 3104 praestitistis,
844 3031 943 3105 atque
962 3020 1054 3087 illum
1072 3024 1189 3087 adesse

107 3136 172 3205 5et
202 3128 284 3191 haec
315 3145 426 3190 coram
456 3145 589 3190 cernere
619 3124 828 3191 existimate?
884 3126 993 3191 Simul
1021 3127 1116 3209 signa
1144 3126 1187 3189 ad

137 3231 269 3296 hostem
293 3230 441 3296 converti
461 3230 634 3313 aciemque
654 3230 751 3313 dirigi
774 3231 866 3296 iubet
888 3239 922 3295 et
942 3230 1055 3315 paucis
1071 3229 1188 3293 turmis

139 3335 305 3419 praesidio
331 3336 374 3399 ad
401 3335 639 3419 impedimenta
661 3335 804 3399 dimissis
829 3335 974 3416 reliquos
996 3334 1123 3416 equites
1145 3334 1188 3398 ad

107 3446 124 3497 6
139 3439 244 3505 latera
259 3439 414 3522 disponit.
461 3438 621 3504 Celeriter
641 3439 743 3505 nostri
760 3438 904 3504 clamore
924 3436 1056 3501 sublato
1070 3436 1138 3519 pila
1155 3437 1189 3504 in

172 3606 186 3663 ς
207 3613 229 3665 7.
253 3608 356 3651 natura
374 3604 500 3660 nocebat.
537 3600 584 3666 Cp.
602 3600 637 3651 iii.
689 3600 766 3665 ready
776 3606 804 3649 to
814 3614 883 3649 crosa
893 3598 936 3649 the
946 3595 1030 3690 risen:
1132 3659 1141 3684 ‚
1168 3664 1175 3675 ο

138 3673 206 3782 ¹⁰3⁵
214 3682 263 3791 fl.
281 3748 345 3783 oum
362 3734 448 3791 nun,
460 3734 505 3782 aa.
540 3730 639 3781 ‘uarii’
689 3662 1146 3807 adaialyuiegeliinllffia
1160 3679 1190 3780 ri

136 3800 161 3849 is
172 3798 266 3863 subject
275 3804 303 3847 to
316 3800 381 3847 ‘non
396 3794 526 3859 dubitant?
537 3796 585 3846 and
603 3796 639 3847 all
692 3797 734 3861 15)
747 3812 775 3846 as
786 3812 802 3845 a
812 3794 906 3846 missile
913 3810 1018 3860 weapon
1026 3794 1087 3844 with
1098 3794 1189 3845 ashsft

137 3866 250 3915 between
267 3862 287 3913 it
304 3864 353 3913 and
367 3863 473 3912 ‘humen
488 3860 606 3912 transire’
618 3862 639 3911 is
690 3862 719 3911 of
733 3862 776 3912 the
790 3860 877 3926 length
893 3861 921 3910 of
935 3859 1035 3974 5ptfeet,
1047 3860 1143 3910 headed
1155 3862 1190 3921 by

137 3929 325 3997 parenthetlcsl.
361 3928 492 3992 ‘Scsrcely
519 3927 569 3977 bad
596 3926 640 3978 the
691 3927 781 3977 athin
799 3926 935 3992 triangular
975 3941 1007 3975 on
1028 3925 1111 3984 blade,
1130 3925 1189 3974 nine

136 4010 193 4045 rear
202 3996 230 4043 of
236 3994 277 4043 the
287 3994 385 4045 column
412 3994 533 4043 roceeded
541 3994 640 4057 beyond
690 3993 776 4043 incbes
797 4007 826 4042 or
847 4008 863 4042 a
885 3993 940 4042 foot
961 3992 1049 4056 long:
1064 3991 1146 4041 When
1168 3992 1189 4039 it

137 4061 182 4115 the
202 4061 263 4110 lines
283 4058 368 4110 before
414 4058 551 4110 eGrnls.
573 4094 580 4109 .
599 4072 641 4109 are
691 4072 754 4110 once
780 4058 854 4123 fairly
880 4057 974 4123 lodged
1000 4056 1069 4108 itsell
1092 4057 1119 4106 in
1146 4056 1189 4107 the

634 4154 691 4207 Pa
