2984 4992
124 590 166 638 rs.
180 585 208 653 ³]
363 587 416 638 nn
439 585 562 638 annno
588 585 756 639 canuto.
806 587 878 640 arn.
904 588 937 639 ιι
1134 595 1175 658 79

95 748 275 813 aconiecto
302 748 347 812 ad
374 749 536 833 oppidum
562 747 801 814 Noviodunum
830 751 1011 816 contendit.
1055 751 1098 818 Id
1128 773 1172 818 ex

125 851 241 916 itinere
256 869 450 936 oppugnare
464 861 613 932 conatus,
629 855 719 936 quod
730 873 873 918 vacuum
888 853 932 918 ab
946 853 1173 923 defensoribus

125 975 198 1019 esse
219 955 387 1032 audiebat,
406 965 542 1041 propter
562 956 771 1022 latitudinem
791 957 902 1024 fossae
925 960 1076 1042 murique
1097 960 1173 1025 alti·

124 1059 273 1123 tudinem
304 1059 419 1142 paucis
452 1059 705 1126 defendentibus
733 1081 927 1145 expugnare
956 1083 1023 1127 non
1053 1065 1172 1148 potuit.

94 1178 110 1228 3
126 1160 251 1227 Castris
269 1163 406 1228 munitis
419 1163 532 1228 vineas
551 1183 658 1248 agere,
674 1183 827 1247 quaeque
846 1166 889 1230 ad
909 1169 1172 1250 oppugnandum

93 1267 198 1338 4usui
220 1275 323 1345 erant,
344 1287 539 1352 comparare
564 1267 683 1352 coepit.
730 1267 867 1334 Interim
891 1272 1000 1336 omnis
1023 1291 1067 1335 ex
1093 1271 1173 1356 iuga

125 1369 340 1436 Suessionum
362 1370 540 1436 multitudo
560 1371 594 1436 in
615 1372 777 1457 oppidum
800 1374 956 1455 proxima
975 1385 1074 1442 nocte
1094 1396 1173 1441 con·

92 1476 223 1539 svenit.
270 1473 428 1539 Celeriter
449 1475 555 1541 vineis
576 1475 618 1540 ad
643 1475 807 1559 oppidum
828 1478 921 1555 actis,
943 1499 1065 1562 aggere
1086 1479 1173 1545 iacto

123 1579 334 1661 turribusque
349 1578 538 1644 constitutis
553 1579 782 1663 magnitudine
796 1601 946 1664 operum,
961 1601 1047 1664 quae
1056 1602 1174 1675 'neque

123 1681 273 1748 viderant
292 1691 370 1746 ante
385 1681 475 1746 Galli
493 1701 601 1764 neque
615 1683 798 1751 audierant
815 1693 849 1748 et
864 1685 1031 1751 celeritate
1047 1686 1174 1752 Roma·

123 1805 241 1850 norum
257 1786 400 1868 permoti
412 1785 540 1870 legatos
552 1786 594 1851 ad
608 1783 786 1850 Caesarem
798 1787 841 1850 de
855 1788 1025 1855 deditione
1036 1790 1173 1856 mittunt

123 1899 158 1954 et
172 1891 363 1973 petentibus
378 1889 503 1966 Remis,
520 1899 556 1952 ut
571 1899 852 1968 conservarentur,
867 1891 1057 1974 impetrant.

68 2009 110 2065 1³
169 1994 292 2060 Caesar
306 1993 477 2058 obsidibus
491 1993 636 2076 acceptis
651 1992 767 2076 primis
787 1993 930 2059 civitatis
949 2005 1051 2080 atque
1070 1998 1173 2080 ipsius

125 2098 253 2164 Galbae
271 2097 357 2180 regis
377 2097 509 2161 duobus
528 2095 601 2160 filiis
622 2097 790 2178 armisque
809 2099 964 2163 omnibus
980 2121 1025 2164 ex
1046 2102 1174 2184 oppido

124 2202 255 2268 traditis
277 2202 309 2264 in
333 2199 537 2266 deditionem
553 2198 747 2265 Suessiones
769 2202 898 2286 accepit
920 2205 1173 2288 exercitumque

94 2307 156 2370 ain
188 2304 380 2370 Bellovacos
410 2304 512 2369 ducit.
558 2303 625 2386 Qui
660 2323 736 2369 cum
766 2325 803 2370 se
831 2324 958 2388 suaque
992 2309 1105 2372 omnia
1137 2309 1320 2373 in'Surreuder

123 2410 285 2492 oppidum
298 2407 568 2491 Bratuspantium
581 2406 807 2484 contulissent,
818 2419 921 2492 atque
935 2410 980 2474 ab
990 2431 1031 2475 eo
1045 2413 1172 2496 oppido
1185 2375 1322 2492 mma,

125 2510 349 2578 Caesareum
379 2512 528 2576 exercitu
558 2511 687 2575 circiter
716 2510 809 2577 milia
836 2532 995 2595 passuum
1025 2515 1172 2598 quinque

122 2619 262 2696 abesset,
285 2635 400 2680 omnes
423 2615 564 2703 maiores
586 2625 667 2680 natu
689 2635 734 2678 ex
758 2616 884 2700 oppido
906 2618 1030 2700 egressi
1053 2639 1172 2686 manus

122 2723 166 2785 ad
184 2719 360 2785 Caesarem
381 2719 517 2783 tendere
537 2729 572 2784 et
586 2737 669 2784 voce
688 2718 875 2803 significare
895 2733 1084 2804 coeperunt,
1098 2743 1173 2789 sese

123 2825 156 2888 in
172 2825 243 2889 eius
258 2821 357 2888 fidem
369 2843 408 2888 ac
423 2831 624 2906 potestatem
633 2823 746 2888 venire
761 2842 869 2904 neque
883 2837 996 2890 contra
1010 2827 1171 2910 populum

90 2929 314 2996 aRomanum
338 2926 439 2991 armis
462 2927 668 2992 contendere.
716 2926 812 3006 Item,
837 2947 913 2992 cum
940 2931 984 2995 ad
1009 2932 1171 3016 oppidum

154 3162 255 3218 1²·i1·
271 3159 482 3208 Noviodunum
509 3154 623 3206 Soiseom
671 3153 744 3206 wells
761 3155 792 3206 oi
803 3171 820 3205 e
832 3156 890 3221 city.
924 3157 1003 3208 Their
1020 3159 1172 3211 dimensium

125 3223 331 3291 (daemona).
366 3219 504 3272 ‘dunum’
524 3221 547 3270 is
564 3220 622 3270 elin
672 3237 713 3271 are
735 3221 809 3286 given
830 3239 859 3272 as
877 3223 892 3271 8
909 3225 958 3274 leet
981 3225 1067 3284 broad,
1089 3238 1103 3290 7
1124 3227 1172 3276 teet

123 3299 151 3342 to
166 3292 208 3341 the
222 3287 311 3338 Welsh
326 3286 428 3349 ‘din,'a
444 3295 511 3337 town
523 3303 552 3338 or
563 3286 621 3337 lort-
671 3285 741 3352 high,
754 3288 804 3336 and
817 3287 847 3336 16
859 3288 908 3338 feet
923 3290 991 3354 long.
1025 3290 1097 3354 They
1107 3307 1172 3341 were

123 3373 181 3407 ress
671 3353 847 3418 strengthened
868 3354 895 3403 in
917 3356 1017 3404 renone
1032 3371 1100 3420 ways
1122 3357 1171 3406 and

157 3425 209 3481 ta.
225 3433 346 3468 vannum
364 3420 622 3469 chaeremonem.
671 3419 799 3484 protected
811 3419 909 3533 against
925 3419 969 3470 fire
980 3422 1014 3483 by
1024 3437 1040 3470 a
1055 3422 1171 3486 novering

123 3488 180 3537 The
199 3491 290 3536 constr.
307 3481 467 3533 os‘vacuur’
481 3483 543 3533 with
556 3480 622 3533 ‘ab’
673 3483 702 3534 of
722 3499 773 3534 raw
794 3483 820 3532 hi
906 3484 1026 3548 Vegetins
1048 3485 1171 3537 mentions

121 3556 144 3604 is
158 3551 233 3603 much
248 3565 314 3600 rnrer
330 3549 390 3599 than
401 3549 464 3600 with
475 3549 519 3599 the
531 3547 623 3614 simple
672 3549 728 3600 that
737 3549 874 3599 inhisown
883 3551 944 3600 time
951 3551 1010 3614 they
1017 3551 1170 3604 wereulled

122 3617 240 3669 ablativa
275 3616 323 3680 Cp.
335 3614 451 3664 however
461 3614 514 3664 viii.
524 3613 566 3677 46,
580 3619 623 3676 §4
719 3615 761 3664 the
776 3613 1023 3665 soldiers‘cansine’
1056 3615 1171 3668 Seerrnn

123 3689 169 3734 ‘ne
181 3679 409 3749 quopersGalliae
420 3695 499 3730 vacua
512 3681 545 3730 ab
555 3695 622 3730 exer·
673 3678 856 3730 oninLand
867 3680 891 3730 S.

121 3745 623 3807 dmemet’:C.i.31,§r‘vacuaeeb
705 3749 809 3804 lma.
835 3750 1076 3803 Bratuspantium.
1109 3747 1171 3799 This

121 3813 247 3880 imperiis’
690 3811 745 3860 lace
767 3811 790 3860 is
813 3811 940 3875 generally
961 3811 1088 3862 identified
1110 3814 1170 3864 trith

157 3884 207 3942 53.
224 3881 330 3928 vineae.
365 3875 421 3926 The
441 3873 560 3926 ‘rheae'
580 3891 623 3927 ere
672 3827 819 3927 hretenilin
833 3877 876 3927 the
888 3876 961 3927 north
976 3877 1005 3927 of
1016 3877 1059 3928 the
1073 3878 1170 3945 depert-

123 3945 248 3996 desoribed
272 3943 307 4008 by
325 3941 348 3991 V
382 3943 446 3992 etius
469 3942 511 3998 (ir.
531 3942 622 4058 152„ss
672 3951 740 3992 ment
757 3942 788 3991 of
799 3942 866 3998 Oine,
878 3943 938 3992 thou
957 3943 1066 3994 hGiiler
1078 3945 1171 4010 prefers

122 4011 225 4061 wooden
236 4009 311 4058 rheda
326 4023 359 4058 nn
378 4006 529 4058 econveroi
538 4023 562 4057 w
581 4007 622 4058 'eh
671 4007 714 4058 the
729 4006 911 4072 neighbonring
950 4009 1075 4060 ontdidier
1090 4011 1116 4060 in
1128 4011 1172 4061 the

122 4078 164 4128 the
175 4077 273 4125 Roman
285 4073 389 4126 soldiers
402 4073 564 4124 underrnlned
578 4073 621 4125 the
671 4071 781 4125 Somme.
