2984 4992
134 591 180 641 aa
193 586 223 655 3]
385 588 440 639 oa
461 588 585 643 aaran
611 588 778 643 saturo.
829 591 899 643 rra.
926 592 944 642 r
1151 600 1193 663 49

90 768 122 818 ¹4
135 746 310 815 belloesse
321 760 538 837 perspectam.
571 754 691 835 Itaque
702 774 747 831 se,
756 755 848 836 quod
859 754 894 819 in
905 752 1089 838 longiorem
1100 754 1190 821 diem

135 850 318 919 collaturus
348 852 472 935 suisset,
498 866 819 941 repraesentaturum
848 868 882 923 et
906 858 1062 941 proxima
1091 868 1191 924 nocte

136 958 180 1021 de
194 968 315 1039 quarta
328 958 440 1041 vigilia
454 968 562 1025 castra
576 970 756 1041 moturum,
763 970 801 1025 ut
815 981 918 1044 quam
932 960 1078 1046 primum
1092 961 1189 1026 intel-

135 1060 247 1144 legere
269 1072 393 1145 posset,
407 1074 518 1131 utrum
541 1064 631 1147 apud
652 1086 710 1129 eos
732 1066 842 1150 pudor
857 1076 962 1148 atque
978 1066 1131 1141 officium,
1145 1086 1189 1131 an

89 1183 121 1235 ¹⁵
136 1164 239 1230 timor
252 1166 386 1231 valeret.
432 1167 533 1251 Quod
548 1168 576 1235 ei
592 1178 762 1254 praeterea
778 1190 878 1235 nemo
893 1178 1061 1251 sequatur,
1075 1180 1190 1236 tamen

136 1289 174 1335 se
195 1290 272 1335 cum
294 1270 365 1337 sola
387 1272 516 1338 decima
538 1272 670 1357 legione
691 1275 825 1349 iturum,
846 1275 890 1339 de
911 1293 980 1357 qua
1000 1293 1068 1339 non
1091 1274 1189 1339 dubi-

135 1382 233 1453 taret,
248 1375 378 1457 sibique
397 1396 473 1442 eam
487 1377 688 1459 praetoriam
702 1377 874 1444 cohortem
887 1374 1054 1443 futuram?
1098 1376 1189 1442 Huic

134 1477 260 1560 legioni
276 1478 398 1546 Caesar
415 1490 448 1545 et
469 1480 652 1546 indulserat
674 1481 853 1566 praecipue
872 1492 907 1547 et
926 1490 1065 1566 propter
1083 1482 1189 1547 virtu·

135 1590 206 1647 tem
221 1583 413 1651 confidebat
428 1584 584 1650 maxime.

80 1698 121 1752 41
182 1685 258 1751 Hac
272 1688 423 1753 oratione
438 1689 553 1753 habita
568 1690 689 1755 mirum
710 1690 743 1753 in
761 1691 899 1756 modum
916 1709 1095 1756 conversae
1109 1699 1187 1755 sunt
1200 1704 1280 1757 Esset
1291 1706 1320 1755 or

134 1791 285 1857 omnium
308 1804 447 1871 mentes,
469 1812 667 1875 summaque
688 1792 842 1858 alacritas
863 1803 898 1859 et
922 1794 1088 1877 cupiditas
1109 1772 1349 1859 10111ιιιΗὶκόοιὶ

104 1920 119 1955 2
136 1895 273 1980 gerendi
289 1894 404 1961 innata
418 1907 478 1976 est,
490 1898 713 1982 princepsque
723 1898 855 1963 decima
870 1897 957 1981 legio
969 1918 1028 1981 per
1038 1899 1189 1963 tribunos

136 1998 282 2064 militum
305 2000 335 2063 ei
357 2002 482 2085 gratias
502 2001 580 2085 egit,
603 2000 694 2084 quod
716 2004 762 2068 de
782 2022 819 2065 se
839 2003 1005 2085 optimum
1028 2001 1187 2068 iudicium

135 2102 277 2181 fecisset,
301 2124 404 2187 seque
428 2125 500 2171 esse
523 2106 566 2171 ad
587 2105 712 2171 bellum
738 2106 921 2189 gerendum
946 2108 1187 2189 paratissimam

103 2206 352 2273 aconfirmauit
397 2208 527 2274 Deinde
565 2208 710 2292 reliquae
749 2209 896 2291 legiones
932 2230 1021 2275 cum.
1047 2210 1187 2276 tribunis

134 2312 280 2379 militum
310 2322 343 2377 et
374 2314 556 2395 primorum
582 2314 737 2379 ordinum
761 2313 1009 2379 centurionibus
1038 2326 1186 2396 egerunt,

134 2516 257 2568 ‘felicitas
266 2514 274 2539 '
283 2532 333 2567 was
344 2524 388 2567 not
402 2532 431 2567 so
445 2516 521 2569 much
532 2532 547 2567 a
558 2516 634 2567 result
685 2514 870 2567 chsmcteristic
880 2518 911 2567 of
917 2523 987 2581 great
993 2532 1050 2567 men
1059 2515 1184 2576 oiactlou,

133 2586 162 2634 ol
181 2584 255 2635 other
276 2582 391 2647 qualitiea
413 2598 441 2632 as
462 2582 591 2648 aquality
608 2583 634 2632 10
684 2582 734 2631 and
752 2599 768 2631 a
791 2583 959 2647 contributiug
980 2596 1052 2632 cause
1074 2580 1104 2631 oi
1122 2581 1187 2631 their

133 2648 206 2699 itseli.
241 2649 266 2698 It
287 2662 340 2698 uras
362 2663 393 2697 au
416 2648 534 2699 attribute
550 2648 634 2699 which
683 2648 962 2709 sameas-‘Possunt
978 2650 1038 2712 quia
1060 2662 1134 2713 porse
1150 2648 1186 2699 vi·

134 2730 182 2766 one
203 2730 263 2763 man
280 2714 314 2763 mi
333 2714 361 2763 bt
383 2713 446 2764 have
463 2714 513 2764 and
530 2714 635 2764 another
683 2711 789 2764 deutur)

132 2782 164 2831 be
180 2780 273 2829 devoid
289 2786 406 2843 o‚apart
423 2780 487 2828 from
503 2794 552 2843 any
563 2780 635 2830 other
718 2782 732 2837 ε
758 2790 796 2840 14.
823 2783 1109 2839 murmurarunt,
1138 2778 1185 2831 ‘be

132 2844 264 2896 difference
280 2846 391 2897 between
412 2844 456 2895 the
471 2853 530 2895 two.
564 2844 635 2895 Sulla
683 2843 768 2893 would
778 2844 813 2893 do
824 2850 851 2893 at
868 2843 947 2894 once!
980 2843 1049 2894 Here
1061 2844 1186 2909 probably

131 2911 240 2962 claimed
252 2912 342 2971 it‚and
353 2910 435 2961 called
450 2910 553 2960 himself
561 2910 634 2959 Felix
683 2925 699 2959 a
719 2908 850 2973 metaphor
871 2909 937 2959 irom
956 2909 1075 2968 business,
1092 2925 1143 2960 one
1158 2910 1189 2960 of

132 2976 184 3027 aud
200 2976 242 3027 hia
260 2990 305 3026 aon
326 2977 439 3027 Faustus.
472 2976 563 3027 Cicero
581 2976 634 3037 (De
683 2974 726 3025 the
737 2976 835 3024 meanis
877 2973 907 3024 ol
920 2974 1042 3025 therrord
1054 2976 1111 3025 bein
1141 2978 1185 3026 ‘to

131 3042 197 3107 Imp.
222 3042 270 3092 Cu.
292 3042 321 3091 P.
346 3040 419 3106 447)
439 3048 593 3092 enumeratea
614 3042 634 3091 it
682 3041 769 3107 payin
785 3056 828 3090 rea
844 3039 980 3105 ymoneyff
1013 3041 1061 3105 Cp
1073 3041 1105 3091 V.
1137 3040 1184 3092 ,tt

132 3123 228 3173 among
250 3108 293 3157 the
308 3107 491 3173 indispensable
506 3107 634 3173 requisites
684 3108 716 3171 89
731 3104 811 3155 ‘nihil
832 3106 878 3155 Dii
900 3106 1042 3155 hominibus
1061 3114 1185 3171 praeatus

131 3174 161 3226 oi
172 3190 189 3223 a
199 3172 307 3237 general,
320 3173 480 3289 sacribingeiit
496 3180 525 3223 to
540 3172 634 3222 Fabius
683 3178 805 3237 possunt.
820 3209 826 3222 .
841 3172 926 3236 ,quod
937 3188 988 3222 000
999 3172 1128 3236 Augustus
1139 3208 1146 3221 .
1157 3207 1164 3221 .
1177 3206 1184 3220 .

131 3239 420 3299 MastaneMaroenus,
474 3239 524 3304 pio,
538 3238 634 3287 Mariua
682 3236 738 3288 orbi
749 3237 971 3302 repneamtarerlt.

129 3305 181 3355 and
209 3304 353 3369 Pompeius.
387 3304 455 3354 llere
476 3303 569 3355 Caesar
590 3303 634 3353 ad·
717 3307 730 3361 ξ
760 3316 800 3365 15.
832 3306 1002 3361 praetoriam
1029 3304 1183 3364 cohortem,

130 3386 222 3421 nuces
239 3370 278 3419 ior
293 3370 397 3419 himself
411 3370 454 3420 the
470 3384 540 3419 nme
557 3369 632 3420 claim
683 3366 875 3431 ‘body-guard!
916 3368 1004 3417 Festus
1026 3366 1140 3430 (Miiller,
1157 3382 1183 3432 p.

132 3452 160 3485 aa
179 3434 260 3486 Sulla.
296 3435 343 3499 Cp.
366 3436 398 3485 lv.
420 3434 458 3492 26.
483 3438 496 3495 5
516 3448 530 3498 5
557 3434 633 3485 ‘Hoc
685 3433 922 3494 arm—‘Praetoria
938 3432 1028 3482 cohors
1049 3439 1087 3482 eat
1108 3432 1183 3493 dicta,

130 3516 208 3551 uuum
221 3500 252 3549 ad
280 3502 522 3551 ristiuamiortunam
531 3499 633 3550 Caesari
701 3498 752 3548 und
778 3514 795 3548 a
822 3506 935 3563 praetore
958 3496 1115 3563 (-general)
1133 3512 1183 3547 nou

129 3566 227 3618 deluit!
259 3517 346 3616 10000
361 3566 395 3631 (v.
412 3566 470 3629 ²9²)
488 3564 574 3615 makes
591 3566 634 3615 the
681 3514 832 3614 incedebas
865 3562 952 3628 Scipio
969 3564 1037 3611 enim
1052 3562 1185 3613 Ahicanus

130 3632 302 3683 diacontented
314 3631 417 3681 soldiera
429 3630 530 3695 bitterly
540 3646 617 3695 say-
682 3628 1026 3695 primussortiaaimumquem
1043 3643 1076 3677 ue
1081 3627 1184 3692 delegit,

215 3696 358 3762 ‘Quidquid
391 3697 507 3759 gerimus,
536 3695 634 3745 fortuna
683 3693 727 3758 qui
744 3694 822 3745 abeo
837 3695 864 3743 iu
879 3692 946 3744 bello
961 3708 1011 3742 non
1025 3643 1183 3745 (iisoedereut

261 3771 372 3823 vocatur,
684 3766 709 3809 et
726 3768 810 3809 cetero
825 3774 927 3809 munere
942 3758 1047 3808 militiae
1068 3767 1182 3810 vacarunt

182 3844 228 3879 uos
244 3828 321 3877 iatum
338 3830 400 3877 sciat
417 3842 469 3877 esse
485 3824 574 3876 auum)
683 3830 709 3874 et
733 3824 875 3889 sesquiplex
901 3823 1052 3889 stipendium
1085 3826 1182 3891 accipe·

130 3892 254 3943 whether
265 3894 306 3943 the
318 3894 417 3942 Roman
425 3894 487 3942 view
499 3893 528 3942 ol
536 3893 633 3942 fortune
682 3888 754 3940 rent'
787 3889 844 3939 The
867 3892 874 3917 ¹
899 3890 1005 3939 raetorla
1029 3889 1135 3941 cohora’
1154 3890 1184 3941 ol

128 3958 161 4008 be
178 3968 273 4009 oomect
291 3976 320 4009 or
341 3968 392 4019 not,
413 3966 439 4009 at
458 3958 494 4007 all
512 3964 595 4009 eventa
616 3974 632 4007 a
682 3956 808 4006 Antonius
834 3906 898 4007 1001
923 3972 939 4005 a
963 3957 1103 4020 prominent

129 4024 209 4075 belief
217 4024 242 4073 iu
254 4024 318 4075 their
332 4024 521 4082 atar.indiriue
535 4023 630 4081 favour,
682 4020 764 4071 inthe
778 4021 861 4072 deleat
876 4020 906 4073 ot'
919 4020 1108 4083 Casilinesalt
1161 4027 1180 4073 t.

130 4104 159 4140 or
177 4089 271 4155 simply
290 4090 315 4139 iu
332 4089 488 4149 themselves,
505 4089 551 4140 has
569 4089 629 4140 been
680 4084 786 4152 6015.
