2984 4992
325 532 387 611 2⁶4
672 539 701 590 c.
727 539 823 591 ιυιη
846 538 1034 590 crasans
1274 538 1335 604 [so.
1348 548 1381 601 7-

326 701 520 786 explorata;
556 702 637 785 quin
668 702 770 766 etiam
800 700 880 785 ipsis
911 700 1091 780 remittere,
1119 702 1146 765 si
1177 702 1240 765 sibi
1272 701 1382 783 magis

325 807 486 871 honorem
509 805 662 883 tribuere,
685 826 786 888 quam
813 805 857 869 ab
883 826 920 869 se
941 802 1084 870 salutem
1113 805 1262 887 accipere
1287 804 1381 867 vide-

327 910 443 975 antur!
485 910 602 974 ‘Haec
630 919 668 975 ut
700 908 920 991 intellegatis,’
950 909 1064 991 inquit,
1095 914 1135 973 ‘a
1164 928 1220 973 me
1249 910 1409 973 sinceres

326 1014 542 1097 pronuntiari,
563 1016 677 1079 audite
697 1013 871 1077 Romanos
894 1012 1033 1077 milites’
1080 1012 1238 1077 Producit
1259 1030 1410 1091 nervosa

327 1138 412 1201 quos
437 1122 469 1183 in
494 1118 712 1201 pabulatione
738 1118 854 1199 paucis
884 1128 963 1182 ante
987 1118 1106 1181 diebus
1136 1127 1318 1201 exceperat
1347 1126 1383 1179 et

327 1222 415 1287 same
426 1221 629 1305 vinculisque
639 1222 894 1286 excruciaverat.
927 1219 974 1284 Hi
989 1220 1054 1285 iam
1071 1231 1149 1285 ante
1164 1220 1285 1299 edocti,
1294 1241 1382 1304 quae
1400 1238 1427 1272 ¹0

329 1326 521 1409 interrogati
548 1324 805 1407 pronuntiarent,
830 1324 972 1389 ‘milites
1002 1345 1038 1388 se
1067 1344 1138 1389 esse
1162 1323 1382 1408 legionarios’

328 1431 461 1505 dicunt3
483 1428 589 1494 ‘same
603 1439 639 1494 et
653 1428 765 1510 inopia
780 1429 943 1495 adductos
965 1427 1052 1491 clam
1068 1447 1112 1491 ex
1127 1428 1245 1492 castris
1259 1430 1382 1504 exisse,

327 1536 355 1598 si
378 1534 458 1617 quid
480 1532 639 1597 frumenti
660 1544 718 1597 aut
733 1534 862 1615 pecoris
885 1532 919 1596 in
941 1534 1032 1615 agris
1056 1533 1200 1614 reperire
1222 1543 1382 1615 possent;
1398 1554 1422 1587 11

328 1636 428 1704 simili
450 1656 585 1701 omnem
611 1636 795 1701 exercitum
826 1636 941 1720 inopia
965 1637 1081 1718 premi,
1108 1656 1169 1701 nec
1198 1636 1265 1701 iam
1295 1638 1382 1700 vires

329 1741 478 1805 sufficere
506 1741 700 1824 cuiusquam
736 1758 798 1805 nec
828 1740 912 1805 lerre
942 1740 1051 1823 operis
1081 1739 1227 1804 laborem
1262 1760 1382 1823 posse3

329 1847 442 1927 itaque
467 1844 623 1908 statuisse
648 1845 892 1927 imperatorem,
919 1844 946 1907 si
970 1842 1051 1907 nihil
1076 1844 1109 1907 in
1132 1844 1382 1927 oppugnatione
1480 1884 1481 1887 =

330 1946 445 2029 oppidi
462 1946 685 2029 proiecissent,
700 1948 811 2012 triduo
826 1947 1011 2011 exercitum
1028 1946 1212 2012 deducere!
1248 1946 1383 2022 ‘Haec'
1399 1971 1424 2004 12

331 2050 446 2132 inquit,
472 2056 512 2114 ‘a
535 2049 608 2129 me‚'
628 2050 893 2133 Vercingetorix,
920 2048 1098 2116 ‘beneficia
1120 2049 1260 2124 habetis,
1284 2072 1385 2134 quem

331 2153 527 2238 proditionis
541 2154 738 2219 insimulatis
751 2176 759 2233 ;
783 2156 875 2220 cuius
891 2174 992 2239 opera
1008 2155 1078 2217 sine
1092 2164 1203 2218 vestro
1223 2155 1386 2237 sanguine

330 2269 461 2325 tantum
482 2258 665 2325 exercitum
686 2260 846 2325 victorem
868 2258 956 2325 lame
978 2268 1213 2341 consumptum
1240 2260 1384 2337 videtis;

331 2382 431 2446 quem
449 2363 591 2447 turpiter
604 2384 641 2428 se
656 2383 701 2428 ex
716 2361 795 2445 fuga
812 2362 1025 2447 recipientem
1040 2383 1082 2427 ne
1103 2383 1170 2446 qua
1184 2362 1302 2428 civitas
1316 2364 1385 2428 suis

331 2468 453 2532 finibus
469 2468 616 2550 recipiat,
631 2490 652 2533 a
668 2488 722 2532 me
739 2467 906 2551 provisum
921 2466 990 2533 est!

164 2588 302 2640 llberedit
376 2571 572 2638 Conclamat
594 2572 704 2635 omnis
726 2570 904 2636 multitudo
926 2582 961 2635 et
983 2592 1045 2635 suo
1068 2590 1160 2635 more
1182 2570 1285 2635 armis
1307 2590 1383 2635 con·
1396 2588 1428 2641 21

162 2654 319 2707 ‘mum‘
333 2686 456 2757 crepat,
481 2676 573 2759 quod
600 2674 706 2739 iacere
730 2677 765 2739 in
786 2694 827 2740 eo
848 2684 1059 2749 consuerunt,
1082 2673 1175 2738 cuius
1197 2674 1384 2740 orationem

332 2779 543 2862 approbant:
566 2799 733 2843 summum
756 2799 828 2843 esse
851 2778 1156 2861 Vercingetorigem
1178 2780 1310 2857 ducem,
1326 2800 1386 2845 nec

334 2882 476 2947 deeius
505 2880 573 2946 fide
600 2882 831 2957 dubitandum,
856 2902 918 2947 nec
947 2882 1071 2946 maiore
1102 2883 1230 2946 ratione
1260 2883 1385 2947 bellum
1479 2962 1480 2975 ἵ

166 2992 300 3043 Avaricum
335 2987 558 3051 administrari
596 3007 704 3071 posse.
761 2986 931 3067 Statuunt,
961 2995 999 3049 ut
1031 2998 1056 3047 x
1087 2985 1178 3050 milia
1210 2986 1408 3051 hominunm
1479 2982 1480 3018 l

164 3057 315 3189 med,
336 3090 466 3155 delecta
491 3110 536 3155 ex
561 3090 714 3156 omnibus
740 3090 846 3171 copiis
871 3090 904 3153 in
929 3089 1090 3173 oppidum
1115 3090 1301 3168 mittantur,
1327 3112 1410 3163 neca

336 3196 415 3261 solis
451 3194 654 3279 Biturigibus
683 3214 894 3259 communem
931 3193 1072 3258 salutem
1110 3194 1384 3259 committendam
1478 3268 1479 3273 γ

336 3310 482 3378 censent,
496 3300 586 3382 quod
602 3318 707 3383 paene
721 3319 772 3378 eo,
787 3298 815 3362 si
831 3298 864 3362 id
881 3296 1042 3380 oppidum
1064 3296 1284 3377 retinuissent,
1298 3319 1384 3362 sum·

338 3424 427 3469 marn
441 3402 598 3467 victoriae
611 3411 762 3467 constare
777 3401 1024 3485 intellegebant.
1478 3404 1479 3485 l

166 3516 302 3593 ungrnen-
381 3506 548 3591 Singulari
568 3505 709 3569 militum
732 3516 920 3571 nostrorum
938 3504 1051 3569 virtuti
1072 3502 1205 3569 consilia
1227 3507 1428 3590 cuiusqueau
1478 3494 1479 3563 ἶ

165 3580 298 3711 ffiffpffilssd
338 3612 428 3675 modi
446 3608 617 3675 Gallorum
631 3610 859 3687 occurrebant,
869 3620 906 3674 ut
923 3618 974 3673 est
989 3627 1139 3673 summae
1151 3628 1256 3692 genus
1272 3610 1384 3675 soller-

370 3774 411 3819 81.
431 3775 480 3830 41.
507 3788 559 3823 rno
581 3786 667 3832 more,
690 3774 737 3820 an
780 3769 836 3820 The
887 3785 955 3819 mum
969 3786 1081 3821 mensur
1093 3786 1171 3836 gennr
1187 3776 1225 3821 ert
1241 3773 1320 3821 armis
1335 3771 1383 3821 lan-

338 3836 754 3887 Germansbadtberamecustom
774 3836 835 3885 'l'ec
887 3834 961 3886 dare!

338 3900 422 3951 Germ.
443 3914 470 3950 ιι
491 3902 532 3952 ‘Si
554 3902 683 3969 displicuit
704 3902 834 3963 mimda,
919 3904 964 3953 22.
978 3906 991 3961 t
1005 3914 1027 3951 1.
1047 3903 1184 3959 omneque
1206 3904 1294 3952 mont
1332 3902 1382 3952 Not
1477 3900 1478 3937 l

337 3966 435 4015 fremitu
458 3968 651 4031 adspernantnn
674 3966 713 4018 rin
731 3968 836 4033 placuit,
887 3982 1035 4018 acorumnn
1051 3966 1129 4017 word.
1162 3968 1187 4017 lt
1202 3982 1291 4017 occurs
1306 3966 1381 4017 inAl.
1477 3972 1478 4039 l

337 4030 444 4081 mmm
471 4034 622 4085 concutiunt.
665 4032 836 4084 Honomtiari·
890 4046 927 4098 19,
941 4038 954 4093 ς
967 4048 981 4097 5
995 4032 1196 4099 ‘cuiusquemodi
1210 4030 1321 4097 generlr'
1477 4040 1478 4045 ’
