2984 4992
129 577 172 625 ss.
187 575 213 640 1]
370 571 423 624 or:
445 571 568 624 orreo
593 571 761 624 carneo.
812 573 882 626 trs.
908 573 940 624 ιι
1136 563 1177 640 89

130 744 215 799 esset
245 744 437 817 quantoque
468 736 501 799 in
528 735 676 820 periculo
699 746 733 802 et
764 743 874 801 castra
902 744 937 800 et
965 735 1114 821 legiones
1142 746 1177 800 et

131 838 309 921 imperator
329 847 523 916 versaretur,
540 839 782 924 cognovissent,
800 839 881 904 nihil
904 841 948 906 ad
971 840 1175 906 celeritatem

130 942 190 1006 sibi
205 943 320 1025 reliqui
337 943 492 1007 fecerunt.

80 1050 117 1104 27
173 1046 305 1110 Horum
321 1047 466 1110 adventu
482 1055 576 1112 tanta
591 1066 698 1110 rerum
720 1047 940 1112 commutatio
957 1055 1009 1112 est
1027 1046 1124 1127 sacta,
1139 1058 1176 1113 ut

130 1151 232 1215 nostri
247 1151 348 1214 etiam
365 1151 422 1232 qui
437 1149 627 1215 vulneribus
643 1149 786 1216 confecti
802 1151 1061 1233 procubuissent,
1076 1153 1177 1216 scutis

130 1254 234 1318 innixi
253 1252 415 1337 proelium
438 1255 717 1336 redintegrarent3
740 1265 814 1319 tum
835 1254 968 1320 calones
987 1257 1178 1338 perterritos

129 1358 241 1423 hostes
266 1358 447 1442 conspicati
474 1358 576 1421 etiam
606 1358 750 1423 inermes
779 1359 914 1423 armatis
943 1368 1178 1435 occurrerunt3

104 1462 257 1543 requites
286 1480 374 1536 vero,
405 1471 443 1525 ut
472 1461 711 1545 turpitudinem
742 1461 841 1545 fugae
868 1463 991 1528 virtute
1020 1462 1179 1543 delerent,

129 1566 283 1630 omnibus
307 1566 341 1628 in
364 1565 446 1630 locis
473 1574 631 1649 pugnant,
656 1585 723 1648 quo
749 1587 785 1630 se
806 1566 995 1650 legionariis
1018 1567 1180 1630 militibus

103 1699 117 1746 3
129 1668 340 1750 praeferrent.
384 1668 435 1733 At
461 1669 574 1734 hostes
604 1670 705 1734 etiam
733 1669 767 1733 in
793 1679 945 1734 extrema
974 1689 1034 1753 spe
1063 1669 1179 1735 salutis

129 1783 257 1838 tantam
287 1774 442 1838 virtutem
473 1773 720 1856 praestiterunt,
753 1781 798 1849 ut,
828 1794 906 1837 cum
935 1774 1033 1858 primi
1063 1794 1178 1839 eorum

129 1877 333 1952 cecidissent,
370 1877 517 1961 proximi
553 1876 736 1941 iacentibus
772 1877 960 1942 insisterent
996 1888 1098 1960 atque
1134 1899 1179 1942 ex

102 2001 244 2048 reorum
261 1981 451 2064 corporibus
463 1991 668 2065 pugnarent;
696 1981 747 2044 his
763 1981 900 2046 deiectis
919 2001 958 2045 ac
978 1983 1180 2047 coacervatis

129 2084 354 2160 cadaveribus,
384 2085 441 2166 qui
479 2093 697 2166 superessent,
726 2091 765 2147 ut
798 2103 843 2146 ex
879 2083 1010 2150 tumulo
1045 2085 1113 2150 tela
1145 2087 1180 2148 in

103 2206 116 2254 5
131 2197 263 2253 nostros
279 2189 463 2254 conicerent
479 2197 513 2253 et
528 2187 595 2271 pila
611 2188 795 2271 intercepta
810 2189 1035 2253 remitterent:
1058 2200 1096 2254 ut
1113 2209 1179 2254 non

130 2295 335 2374 nequiquam
350 2302 464 2356 tantae
474 2292 604 2356 virtutis
620 2292 772 2356 homines
783 2291 919 2356 iudicari
930 2293 1068 2357 deberet
1081 2313 1181 2356 ausos

130 2415 200 2461 esse
230 2397 374 2460 transire
403 2395 600 2460 latissimum
630 2395 763 2471 flumen,
792 2396 971 2460 ascendere
1003 2396 1180 2460 altissimas

130 2501 227 2581 ripas,
240 2500 352 2564 subire
363 2500 602 2581 iniquissimum
619 2499 746 2576 locum3
770 2519 856 2581 quae
870 2497 978 2563 facilia
993 2519 1038 2562 ex
1052 2499 1181 2564 difficil-

131 2603 218 2668 limis
234 2604 338 2668 animi
355 2603 550 2686 magnitudo
565 2603 746 2685 redegerat.

75 2716 114 2770 28
175 2707 254 2772 Hoc
271 2707 399 2791 proelio
415 2705 502 2772 sacto
518 2717 551 2770 et
568 2726 671 2791 prope
690 2707 733 2769 ad
752 2706 1008 2771 internecionem
1024 2715 1125 2789 gente
1142 2727 1181 2772 ac
1193 2720 1327 2772 swendet

132 2813 266 2876 nomine
283 2811 480 2874 Nerviorum
498 2812 633 2875 redacto
656 2810 796 2874 maiores
812 2819 901 2887 natu,
918 2829 1002 2891 quos
1025 2829 1180 2874 unacum
1194 2786 1288 2904 {Q

164 3027 177 3082 5
199 3024 364 3086 5.nllr11..
383 3059 389 3072 .
407 3025 518 3080 reliqui.
552 3020 600 3086 Cp.
617 3022 635 3070 i.
678 3020 1184 3086 Caessrhrsoltenbeenprsisediortbe

132 3093 227 3154 ¹¹155
245 3086 494 3152 ‘nihil...re1iqui.'
678 3085 1183 3138 creditthstbesccordstobisenemies.

162 3156 205 3207 27.
224 3157 238 3212 ὁ
260 3168 282 3203 1.
305 3161 497 3204 occurrerunt.
531 3153 636 3203 Coordi·
679 3151 908 3202 Butwemustnot
923 3152 1184 3216 iorgettbsttbereis

131 3227 188 3268 nate
209 3219 272 3270 with
296 3222 393 3268 ‘rernm
415 3219 577 3268 commutatio
599 3227 636 3268 est
678 3233 694 3266 s
723 3217 805 3267 subtle
832 3217 963 3268 rhetorical
989 3218 1074 3268 devios
1101 3219 1184 3268 called

132 3282 211 3334 lucta?
263 3284 335 3334 nen
363 3283 406 3332 the
427 3284 637 3348 camp-followers
679 3281 959 3340 ‘ratiocinatiolwbich
970 3283 1109 3346 Quintilian
1117 3285 1180 3345 (viii.

131 3350 230 3400 hemme
241 3366 271 3400 ss
282 3351 357 3399 breve
367 3363 394 3398 as
405 3349 477 3399 lions.
678 3363 703 3410 4,
713 3352 725 3408 ξ
738 3348 780 3412 πο)
790 3347 925 3398 illustrares
930 3348 1029 3398 thus-‘
1036 3348 1079 3398 Sic
1085 3363 1184 3414 quoqne

164 3421 213 3475 ξπ.
232 3417 636 3477 omnibusinlooispucnsnl,
678 3413 741 3464 solet
760 3429 791 3463 ex
809 3414 861 3463 alio
877 3414 946 3463 eliud
962 3414 1060 3478 sugeri:
1082 3420 1111 3462 ut
1126 3429 1184 3464 cum

131 3483 183 3539 be..
196 3483 296 3531 ‘strove
306 3481 331 3530 in
343 3481 377 3530 all
394 3487 463 3545 parts
478 3479 508 3530 oi
519 3481 561 3530 the
579 3481 637 3530 field
679 3479 829 3531 Hannibalis
857 3480 954 3528 bellicis
984 3478 1100 3528 laudibus
1132 3496 1184 3529 sm·

132 3554 158 3595 to
169 3555 206 3598 set
223 3546 373 3597 themselves
389 3547 414 3594 in
430 3545 540 3596 sdvsnce
551 3546 581 3595 oi
593 3547 637 3596 the
678 3544 771 3609 plistur
784 3547 863 3594 virtus
877 3543 1007 3608 Scipionis,
1019 3551 1046 3593 et
1060 3545 1185 3594 fortibrdi·

132 3613 259 3677 legionsry
291 3610 394 3676 troops’
436 3612 581 3676 ‘pugnarn’
609 3627 637 3662 nr
678 3625 735 3659 nem
779 3610 911 3660 Gellomm
954 3609 1183 3675 Germanorumque

131 3677 233 3728 historic
240 3686 347 3740 present,
357 3678 403 3726 has
413 3677 470 3726 bere
481 3679 523 3726 the
534 3677 637 3727 historic
679 3676 805 3737 miremur,
816 3691 867 3740 qno
884 3676 917 3724 sit
931 3675 1013 3725 msior
1028 3675 1058 3726 C.
1070 3675 1185 3727 Caesaris

261 3761 267 3772 .
520 3747 527 3772 r
596 3742 601 3761 ¹
736 3741 741 3754 ·
770 3739 776 3762 i

131 3747 637 3874 ttffissrrtlllrtqinlbs
678 3741 851 3870 trun,
867 3807 1184 3883 mmm„

131 3873 202 3923 usual
218 3874 302 3924 where
317 3873 385 3923 there
400 3875 422 3923 is
432 3889 449 3923 s
461 3875 636 3938 comparative.
679 3872 731 3922 For
745 3872 788 3922 the
799 3871 892 3921 double
906 3887 957 3922 acc
969 3874 1031 3923 vnth
1041 3871 1184 3937 ‘redigere’

132 3942 181 3990 Eut
196 3957 238 4006 cp.
258 3941 309 3989 vill.
329 3953 367 4001 24,
385 3945 423 3999 §1
444 3941 524 4004 ‘quse
540 3940 636 3990 bellum
679 3937 801 4004 ep.iv.3,
821 3939 971 4001 §4-‘llos
987 3938 1067 3988 multo
1084 3939 1185 3989 bumili-

132 4013 239 4070 psrnret,
252 4020 302 4070 quo
313 4005 362 4056 sibi
372 4003 510 4056 resisteret!
680 4019 735 4054 ores
745 4003 939 4070 infirmioresqne
950 4003 1109 4070 redegemnt!

164 4077 216 4137 55.
238 4081 272 4122 ut
298 4086 357 4121 non
383 4075 562 4132 nequiorem,
591 4074 637 4122 llo.
