2984 4992
319 566 381 613 212
665 558 694 612 C.
720 559 820 613 IULII
843 557 1033 613 CAESARIS
1292 560 1334 627 [8.
1345 556 1384 609 6-

318 720 433 789 hostes
457 719 650 787 immittunt
702 720 765 800 Illi,
789 720 847 787 ubi
877 708 1014 806 praeter
1034 741 1130 806 spem
1152 740 1239 804 quos
1263 724 1381 803 sugere

320 826 499 893 credebant
528 824 655 891 infestis
677 826 780 911 signis
804 826 850 893 ad
882 848 919 893 se
947 826 997 891 ire
1022 827 1187 904 viderunt,
1211 827 1381 909 impetum

321 930 425 997 modo
448 928 531 995 serre
548 950 615 995 non
635 939 816 1013 potuerunt
836 950 876 995 ac
898 931 1008 1015 primo
1021 949 1181 996 concursu
1204 930 1240 993 in
1260 928 1381 1012 sugam

319 1034 461 1101 coniecti
477 1034 649 1117 proximas
664 1034 764 1099 silvas
781 1034 957 1117 petierunt.
990 1032 1087 1117 Quos
1099 1034 1270 1099 Labienus
1282 1034 1411 1116 equi-7

319 1148 392 1205 tatu
413 1148 626 1205 consectatus
650 1156 773 1223 magno
795 1158 936 1202 numero
950 1137 1136 1213 interfecto,
1149 1136 1380 1219 compluribus

320 1242 426 1325 captis
447 1242 561 1327 paucis
579 1252 656 1325 post
674 1242 794 1308 diebus
811 1242 981 1307 civitatem
1001 1242 1135 1326 recepit.
1181 1240 1274 1305 Nam
1291 1240 1379 1307 Ger·

321 1346 420 1422 mani,
434 1347 491 1430 qui
514 1346 642 1411 auxilio
663 1346 852 1423 veniebant,
873 1356 1031 1430 percepta
1052 1346 1274 1411 Treverorum
1297 1344 1381 1429 fuga

320 1470 392 1515 sese
417 1450 555 1516 domum
580 1460 786 1534 receperunt.
832 1449 918 1516 Cum
942 1449 995 1515 his
1019 1449 1197 1534 propinqui
1225 1448 1409 1514 indutio-8

321 1554 414 1629 mari,
436 1554 494 1638 qui
517 1552 712 1620 desectionis
733 1565 886 1620 auctores
909 1552 1050 1629 fuerant,
1072 1552 1223 1618 comitati
1246 1572 1305 1617 eos
1331 1574 1380 1619 ex

320 1658 454 1724 civitate
475 1667 698 1725 excesserunt.
745 1655 963 1743 Cingetorigi,
984 1678 1085 1741 quem
1109 1658 1154 1723 ab
1178 1657 1276 1721 initio
1301 1678 1411 1740 per-9

321 1762 482 1829 mansisse
506 1762 539 1826 in
564 1761 673 1828 officio
703 1762 1015 1841 demonstravimus,
1041 1762 1246 1845 principatus
1274 1771 1379 1844 atque

321 1865 495 1948 imperium
512 1878 562 1931 est
577 1866 751 1931 traditum.

152 1988 249 2039 &cond
367 1966 498 2045 Caesar,
527 1978 705 2054 postquam
742 1990 789 2034 ex
825 1968 991 2052 Menapiis
1020 1970 1054 2033 in
1082 1970 1246 2035 Treveros
1273 1971 1415 2050 venito

153 2072 196 2171 ite
250 2052 298 2170 uf
322 2071 451 2139 duabus
473 2073 515 2138 de
537 2074 645 2137 causis
668 2072 826 2138 Rhenum
849 2074 988 2139 transire
1009 2073 1206 2150 constituit;
1233 2094 1406 2157 quarum2

322 2196 388 2241 una
402 2176 580 2259 erat,quod
597 2176 723 2242 auxilia
737 2187 854 2242 contra
869 2198 906 2243 se
917 2178 1070 2243 Treveris
1085 2177 1252 2256 miserant,
1261 2177 1378 2257 altera,

320 2300 363 2345 ne
377 2280 419 2347 ad
441 2302 500 2347 eos
517 2280 697 2345 Ambiorix
716 2291 887 2365 receptum
905 2279 1053 2347 haberet.
1101 2281 1166 2345 His
1183 2282 1408 2353 constitutiss

320 2384 419 2451 rebus
444 2383 581 2467 paulum
607 2403 707 2467 supra
731 2404 809 2450 eum
835 2384 957 2466 locum,
981 2405 1051 2468 quo
1079 2394 1158 2450 ante
1187 2386 1376 2451 exercitum

320 2489 523 2568 traduxerat,
539 2488 647 2555 iacere
662 2498 798 2573 pontem
814 2490 965 2555 instituit.
999 2488 1091 2555 Nota
1106 2499 1208 2571 atquc
1224 2489 1408 2560 institutas

321 2594 448 2658 ratione
459 2612 583 2676 magno
595 2592 739 2659 militum
749 2594 863 2659 studio
871 2593 985 2676 paucis
997 2593 1116 2659 diebus
1127 2613 1213 2677 opus
1225 2594 1377 2661 efficitur.

323 2696 436 2761 Firmo
459 2696 492 2761 in
513 2698 666 2762 Treveris
686 2697 729 2761 ad
753 2706 894 2780 pontem
914 2696 1080 2779 praesidio
1097 2695 1282 2773 relictoue
1300 2698 1407 2781 quiss

321 2798 365 2863 ab
385 2798 437 2863 his
452 2800 564 2866 subito
579 2810 691 2867 motus
710 2811 866 2876 oreretur,
881 2800 1024 2883 reliquas
1042 2801 1157 2884 copias
1170 2802 1377 2883 equitatum·

153 2927 208 2976 Tne
219 2925 278 2977 utu
321 2922 386 2986 que
405 2904 557 2967 traducit.
604 2903 694 2981 Ubii,
709 2904 767 2988 qui
786 2915 865 2970 ante
884 2903 1019 2970 obsides
1038 2904 1200 2969 dederant
1218 2914 1322 2987 atque
1341 2906 1407 2971 ins

152 2992 219 3042 ⁰¹⁰³
230 2991 309 3042 uem.
322 3006 528 3073 deditionem
543 3017 709 3082 venerant,
724 3008 888 3091 purgandi
908 3008 960 3071 sui
974 3029 1074 3075 causa
1093 3008 1137 3071 ad
1152 3028 1231 3073 eum
1245 3008 1378 3091 legatos

153 3058 232 3107 seber
243 3058 272 3107 oi

152 3123 298 3199 eqnplteity
323 3112 470 3187 mittunt,
496 3110 553 3193 qui
580 3112 723 3177 doceant
746 3132 854 3194 neque
879 3112 1008 3177 auxilia
1029 3134 1074 3177 ex
1096 3133 1157 3179 sua
1181 3114 1317 3178 civitate
1340 3116 1377 3179 in

152 3188 266 3306 iffi?
323 3215 484 3281 Treveros
500 3216 608 3296 missa,
622 3235 730 3299 neque
745 3218 789 3281 ab
800 3236 837 3281 se
851 3216 951 3281 fidem
967 3217 1112 3296 laesam3
1134 3226 1254 3300 petunt
1271 3227 1378 3301 atquc
1391 3237 1407 3289 7

321 3329 428 3399 orant,
455 3330 492 3386 ut
518 3318 582 3385 sibi
608 3330 731 3404 parcat,
758 3340 802 3386 ne
827 3320 994 3385 communi
1023 3322 1103 3386 odio
1132 3319 1376 3386 Germanorum

320 3458 401 3509 shleld
417 3458 439 3508 it
457 3457 531 3508 could
553 3464 597 3508 not
613 3459 645 3508 be
663 3457 750 3523 pnlled
766 3464 819 3519 ont,
873 3456 957 3508 ‘Cum
977 3454 1032 3507 bis'
1050 3474 1109 3522 mry
1124 3456 1190 3507 bave
1204 3457 1329 3511 referem
1346 3466 1376 3510 to
1489 3467 1490 3492 l

319 3526 369 3575 and
386 3524 408 3575 ii
422 3523 534 3587 skiliully
545 3522 628 3574 simed
643 3524 693 3573 and
708 3524 820 3588 strongly
872 3524 942 3581 time,
954 3523 1082 3574 ‘comitati
1092 3522 1151 3573 eos'
1160 3530 1189 3573 to
1200 3524 1282 3588 plscr.

319 3588 442 3640 lsnncbed
472 3590 492 3639 it
522 3588 597 3641 could
629 3589 708 3653 easily
739 3590 820 3654 pieros
904 3593 931 3639 t).
953 3592 967 3649 ς
988 3599 1010 3652 7.
1035 3595 1070 3638 ut
1093 3626 1100 3638 .
1123 3624 1132 3639 .
1154 3625 1161 3640 .
1181 3603 1228 3639 ne.
1263 3590 1377 3655 Perbnps

319 3654 629 3719 throughscoatoimsil.
641 3651 820 3769 Css.AKpisn’s
871 3670 887 3703 a
903 3670 960 3704 osse
977 3654 1006 3704 oi
1019 3652 1161 3719 myndeton,
1173 3654 1236 3703 both
1249 3653 1309 3705 ‘nt’
1324 3656 1377 3705 and

319 3720 470 3784 description
493 3720 537 3783 (iv.
561 3723 586 3785 1)
608 3720 638 3770 ol
658 3728 666 3769 t
685 3735 699 3769 e
745 3734 820 3770 oman
872 3718 935 3769 ‘ne'
955 3719 1096 3785 depmdlng
1116 3734 1150 3770 on
1172 3722 1276 3783 ‘petunt
1298 3728 1377 3786 stqne

322 3784 434 3850 ‘piluml
446 3802 481 3847 or,
492 3801 520 3837 ss
534 3786 577 3837 the
588 3786 683 3837 Greeks
697 3784 819 3847 asneriis,
870 3783 959 3836 orant!
982 3785 1030 3851 Cp.
1038 3785 1082 3835 At.
1095 3788 1161 3849 ω
1175 3786 1375 3848 4‘cobortstns,

320 3848 403 3901 ὑσσόε.
870 3852 907 3901 nti
923 3866 999 3900 mann
1014 3850 1080 3901 iacta
1094 3866 1121 3900 se
1135 3866 1165 3901 sn
1211 3866 1243 3901 ue
1257 3850 1375 3903 deiende·

355 3917 405 3975 58.
420 3918 566 3967 (lumbis.
581 3920 821 3969 ..mmttsuoon
870 3926 975 3975 rent,ne
990 3916 1042 3967 suis
1058 3916 1166 3967 inimicis
1211 3918 1376 3983 versaturque

321 3981 458 4032 ‘Comitsti
474 3981 531 4032 eos’
549 3982 630 4047 might
647 3982 706 4033 well
722 3983 754 4033 be
770 3984 820 4032 dis·
870 3983 939 4033 dicto
954 3980 1083 4032 audientes
1099 3978 1208 4032 essent’:
1228 3980 1282 4032 Cic.
1297 3982 1376 4034 Rosc.

320 4046 413 4113 pensed
428 4046 488 4097 with
505 4046 566 4099 slim
584 4047 664 4099 ‘Cum
681 4047 738 4099 bls’
772 4048 822 4098 But
871 4046 1377 4116 Amly‘petontpecunisfortunisqse
