2984 4992
124 543 169 589 sa
184 540 213 605 7]
350 540 403 591 ua·
425 541 549 594 aaran
575 544 740 596 enarro.
794 544 862 595 mu.
893 544 945 595 vu
1114 551 1174 615 307

61 711 108 765 82
169 702 262 767 Dum
284 704 415 789 longius
436 707 480 771 ab
500 705 680 771 munitione
699 707 839 772 aberant
857 704 953 785 Galli,
969 704 1045 789 plus
1062 705 1174 771 multi-

125 808 241 871 tudine
263 808 405 873 telorum
427 808 665 894 proficiebaut3
681 844 684 848 >
701 820 919 894 posteaquam
942 810 1079 893 propius
1101 829 1174 875 suc·

125 923 304 988 cesserunt,
322 922 382 977 aut
404 934 440 978 se
461 913 604 979 stimulis
627 914 835 998 inopinantes
856 913 1040 979 induebant
1061 923 1120 977 aut
1142 913 1175 977 in

125 1016 259 1080 scrobes
280 1017 383 1081 delati
402 1017 706 1083 transfodiebantur
725 1028 784 1084 aut
805 1038 849 1083 ex
863 1018 952 1084 vallo
971 1038 1010 1082 ac
1032 1018 1176 1081 turribus

97 1120 256 1185 ²traiecti
276 1119 351 1203 pilis
369 1121 549 1187 muralibus
570 1123 760 1188 interibant.
805 1122 924 1188 Multis
946 1122 1092 1204 undique
1105 1120 1176 1185 vul·

125 1225 259 1288 neribus
293 1226 436 1309 acceptis
470 1226 561 1290 nulla
593 1228 777 1292 munitione
810 1236 975 1311 perrupta,
1006 1244 1082 1289 curn
1114 1222 1176 1289 lux

124 1337 307 1411 appeteret,
329 1330 433 1407 veriti,
457 1350 499 1395 ne
523 1332 567 1395 ab
595 1330 700 1395 latere
729 1340 848 1414 aperto
877 1350 923 1394 ex
952 1328 1175 1413 superioribus

126 1431 242 1495 castris
258 1433 429 1515 eruptione
443 1434 762 1514 circumvenirentur,
774 1456 809 1499 se
823 1434 865 1499 ad
882 1453 959 1499 suos
972 1440 1174 1516 receperunt.

95 1535 178 1601 sAt
200 1535 379 1613 interiores,
400 1537 480 1600 dum
503 1558 552 1614 ea,
571 1558 657 1621 quae
678 1558 700 1601 a
721 1538 991 1621 Vercingetorige
1012 1537 1056 1600 ad
1080 1554 1176 1617 erup·

93 1639 252 1703 4tionem
278 1651 475 1725 praeparata
505 1650 607 1720 erant,
632 1642 811 1725 proferunt,
836 1642 960 1725 priores
986 1639 1091 1705 fossas
1116 1660 1174 1704 ex·

124 1744 229 1827 plent‚
250 1743 374 1808 diutius
395 1745 429 1808 in
450 1744 503 1808 his
525 1746 623 1810 rebus
648 1746 919 1811 administrandis
943 1744 1061 1809 morati
1086 1744 1176 1829 prius

124 1867 204 1911 suos
221 1847 409 1913 discessisse
427 1860 662 1932 cognoverunt,
676 1870 779 1933 quam
800 1848 1036 1914 munitionibus
1056 1866 1175 1931 appro-

125 1950 333 2035 pinquarent
380 1953 433 2017 lta
448 1975 483 2017 re
499 1952 620 2018 insecta
636 1955 670 2017 in
685 1955 846 2038 oppidum
862 1961 1077 2018 reverterunt.

62 2064 106 2119 08
170 2054 228 2118 Bis
249 2076 370 2139 magno
389 2076 466 2120 cum
486 2058 687 2123 detrimento
706 2056 829 2140 repulsi
851 2056 947 2131 Galli,
963 2056 1044 2139 quid
1064 2066 1176 2141 agant,
1190 2064 1312 2114 Vere-ssi·

124 2159 322 2238 consulunt;
343 2158 491 2225 locorum
506 2162 632 2243 peritos
646 2160 806 2226 adhibent
820 2184 827 2240 ;
849 2181 893 2225 ex
909 2160 960 2225 his
971 2160 1174 2241 superiorum
1187 2128 1328 2245 fflffi,

96 2273 309 2329 ‚castrorum
324 2264 409 2328 situs
429 2265 693 2349 munitionesque
712 2273 924 2349 cognoscunt.
969 2263 1052 2328 Erat
1066 2283 1087 2326 a
1101 2282 1175 2345 sep·
1186 2258 1345 2337 ΨΜ

123 2366 342 2432 tentrionibus
357 2367 461 2444 collis,
475 2388 573 2451 quem
593 2377 732 2452 propter
746 2368 1006 2452 magnitudinem
1024 2367 1176 2431 circuitus
1188 2332 1310 2441 ἷῗέἳξῃῗς

124 2491 229 2554 opere
262 2472 487 2555 circumplecti
519 2491 586 2535 non
620 2482 799 2557 potuerant
832 2471 956 2549 nostri;
993 2470 1176 2535 necessario

97 2595 112 2644 s
126 2596 233 2659 paene
248 2576 362 2659 iniquo
377 2575 450 2640 loco
465 2586 499 2639 et
514 2576 631 2640 leniter
642 2575 761 2641 declivi
773 2586 881 2640 castra
892 2574 1046 2639 fecerant.
1081 2572 1177 2638 Haec

125 2678 232 2743 Gaius
260 2679 431 2744 Antistius
464 2680 613 2762 Reginus
648 2690 682 2744 et
711 2680 814 2745 Gaius
849 2678 1005 2744 Caninius
1037 2678 1176 2741 Rebilus

94 2784 229 2867 rlegati
243 2804 319 2848 curn
340 2784 468 2847 duabus
489 2783 674 2867 legionibus
693 2783 899 2849 obtinebant.
946 2782 1098 2865 Cognitis
1117 2801 1176 2865 per

125 2887 356 2971 exploratores
370 2888 560 2970 regionibus
575 2889 676 2952 duces
693 2888 839 2952 hostium
855 2898 905 2949 Lx
921 2886 1012 2951 milia
1027 2906 1071 2950 ex
1086 2886 1177 2951 omni

125 3011 268 3057 numero
291 2989 442 3073 deligunt
464 3011 577 3055 earum
600 2992 783 3068 civitatum,
802 3010 888 3074 quae
911 2992 1093 3055 maximam
1113 2988 1176 3053 vir·

96 3096 209 3163 stutis
243 3094 433 3178 opinionem
470 3094 659 3171 habebant3
701 3094 782 3178 quid
818 3114 950 3178 quoque
986 3103 1086 3177 pacto
1123 3093 1177 3175 agi

125 3199 269 3283 placeat,
290 3196 421 3262 occulte
446 3200 532 3263 inter
558 3219 595 3263 se
621 3200 847 3275 constituunt;
878 3198 1020 3263 adeundi
1046 3208 1177 3279 tempus

96 3302 299 3376 ⁶definiunt,
314 3322 390 3365 cum
414 3302 566 3366 meridies
588 3323 660 3367 esse
677 3302 840 3368 videatur.
887 3299 953 3364 His
976 3300 1079 3383 copiis
1093 3299 1176 3363 Ver-

125 3405 399 3472 cassivellaunum
425 3405 623 3484 Arvemum‚
648 3426 750 3469 unum
776 3425 820 3469 ex
845 3414 1003 3489 quattuor
1028 3403 1179 3480 ducibus,

98 3529 112 3583 7
126 3511 350 3595 propinquum
363 3509 655 3592 Vercingetorigis,
670 3508 877 3593 praeficiunt.
923 3508 985 3573 Ille
1004 3529 1048 3572 ex
1063 3509 1179 3571 castris

159 3712 205 3761 82
228 3715 241 3769 ς
263 3724 286 3760 1.
312 3713 381 3768 pilis
403 3712 578 3760 muralibus:
603 3724 628 3759 v.
679 3708 749 3759 Wur.
783 3707 826 3757 He
835 3724 888 3757 was
921 3707 974 3757 'ven
990 3707 1032 3757 the
1043 3707 1142 3758 honour
1153 3709 1182 3757 oi

126 3792 170 3841 40,
183 3781 197 3836 ς
209 3776 225 3827 6
237 3776 385 3826 ‘muralium
396 3772 522 3841 pilorum!
679 3774 722 3823 the
741 3773 886 3838 consulship
913 3789 942 3823 or
958 3790 974 3824 u
990 3774 1037 3823 few
1053 3774 1130 3823 hours
1146 3774 1179 3837 by

160 3846 207 3893 88.
222 3846 235 3900 ς
253 3856 275 3904 3.
294 3845 382 3891 Galus
395 3844 530 3891 (lenimina
541 3843 627 3890 Rebi·
679 3839 780 3895 Caesar.
791 3840 874 3889 which
884 3854 947 3903 gave
959 3838 1046 3889 Cicero
1057 3854 1133 3903 scope
1140 3838 1179 3889 ior

126 3912 184 3958 lus.
222 3908 286 3957 This
307 3908 445 3957 lientenant
466 3907 497 3956 oi
516 3903 630 3956 Cuesar's
679 3905 818 3955 witticisms
840 3902 907 3971 (Cic
930 3904 962 3954 ad
985 3906 1057 3955 Fam.
1074 3904 1115 3955 vii.
1137 3919 1179 3969 30,

128 3988 213 4023 corner
231 3975 284 4023 into
306 3981 403 4038 greater
415 3972 581 4087 ‘prominence
603 3972 629 4021 in
681 3975 738 4029 51:
754 3970 819 4021 Plut
832 3970 902 4020 Creu
916 3970 962 4034 58:
976 3970 1045 4022 Suet.
1056 3970 1080 4037 J.
1089 3970 1119 4021 C.
1134 3968 1177 4033 76:

128 4039 173 4089 the
191 4038 277 4105 eigbth
294 4038 363 4089 book
382 4054 414 4087 m
452 4038 478 4089 in
499 4038 543 4088 the
562 4036 629 4087 civil
680 4034 893 4099 D.C.xlii'u46).

624 4133 686 4184 ΧΩ
