2984 4992
135 543 179 592 38.
193 537 220 604 3]
374 539 428 590 DE
450 539 574 593 flacco
599 539 768 593 GALLICO.
819 541 889 592 ΜΒ.
916 541 960 593 IV
1129 548 1186 613 151

133 709 212 764 ante
249 701 478 785 imperaverat,
507 701 689 786 duplicavit
726 723 851 787 eosque
887 703 921 768 in
961 703 1187 770 continentem

132 804 255 868 adduci
281 804 384 880 iussit,
410 807 501 888 quod
528 807 714 891 propinqua
737 806 794 873 die
816 807 1033 890 aequinoctii
1048 805 1187 874 infirmis

133 908 273 973 navibus
293 906 394 973 hiemi
418 910 662 994 navigationem
680 909 908 976 subiciendam
927 929 995 976 non
1016 912 1187 977 existima·

102 1012 203 1078 abat.
260 1011 338 1098 lpse
364 1013 518 1078 idoneam
544 1023 782 1099 tempestatem
812 1025 950 1080 nanctus
978 1014 1078 1098 paulo
1106 1025 1185 1099 post

132 1116 280 1180 mediam
296 1125 429 1181 noctem
444 1137 546 1182 naves
561 1117 682 1196 solvit3
706 1139 793 1202 quae
807 1139 924 1184 omnes
943 1118 1126 1184 incolumes
1140 1121 1185 1186 ad

133 1220 359 1287 continentem
388 1232 629 1305 pervenerunt;
662 1224 721 1288 sed
752 1243 796 1287 ex
826 1223 867 1287 iis
896 1222 1068 1288 onerariae
1097 1225 1339 1301 dunelm-bip

132 1321 279 1398 eosdem,
302 1340 388 1403 quos
417 1320 545 1404 reliqui,
569 1332 684 1407 portus
709 1343 827 1406 capere
852 1342 919 1388 non
945 1332 1124 1406 potuerunt
1150 1299 1309 1416 et¹„‘,’,'‡„f¹¹⁸{'‚f

131 1423 234 1507 paulo
250 1423 333 1488 inira
348 1423 477 1490 delatae
491 1435 579 1490 sunt.
1195 1430 1286 1481 ΝΜ
1297 1432 1331 1496 br

73 1538 115 1593 87
178 1527 309 1611 Quibus
325 1549 370 1593 ex
384 1529 524 1594 navibus
539 1549 615 1594 cum
630 1539 741 1595 essent
757 1529 902 1614 expositi
917 1529 1040 1594 milites
1055 1495 1238 1595 circiterthe
1250 1495 1352 1560 ”mi

129 1633 270 1696 trecenti
311 1642 412 1714 atque
451 1633 485 1697 in
521 1642 629 1700 castra
659 1636 909 1714 contenderent,
939 1633 1072 1713 Morini,
1100 1653 1185 1716 quos

131 1735 258 1801 Caesar
273 1737 306 1800 in
322 1735 526 1802 Britanniam
542 1735 753 1821 proficiscens
772 1748 909 1822 pacatos
924 1737 1111 1820 reliquerat,
1124 1757 1185 1822 spe

129 1841 275 1926 praedae
297 1841 434 1906 adducti
456 1842 567 1924 primo
589 1861 656 1905 non
680 1842 726 1906 ita
749 1861 871 1926 magno
893 1860 1029 1905 suorum
1046 1861 1184 1906 numero

129 1945 417 2010 circumsteterunt
440 1965 490 2024 ac,
504 1946 532 2009 si
551 1965 624 2009 sese
644 1943 783 2013 interfici
800 1943 936 2026 nollent,
950 1965 1043 2010 arma
1060 1965 1184 2028 ponere

100 2075 113 2108 2
129 2050 305 2113 iusserunt.
339 2045 426 2113 Cum
444 2048 491 2114 illi
507 2050 589 2115 orbe
603 2050 693 2114 facto
707 2069 780 2114 sese
795 2049 1019 2126 defenderent,
1034 2048 1184 2114 celeriter

127 2154 172 2217 ad
196 2150 376 2217 clamorem
400 2153 573 2218 hominum
596 2153 725 2219 circiter
752 2153 844 2218 milia
864 2173 927 2218 sex
949 2164 1180 2219 convenerunt.

129 2255 209 2339 Qua
236 2257 446 2322 renuntiata
472 2256 594 2323 Caesar
618 2277 753 2322 omnem
779 2279 823 2322 ex
850 2256 964 2320 castris
994 2257 1180 2338 equitatum
1192 2273 1237 2323 bnt
1250 2275 1350 2325 meu

99 2362 197 2434 asnis
233 2360 360 2426 auxilio
397 2361 499 2428 misit.
554 2362 691 2426 Interim
722 2362 828 2426 nostri
859 2360 980 2425 milites
1017 2361 1180 2443 impetum
1192 2337 1350 2468 ζεῦξ’

126 2465 276 2530 hostium
297 2466 524 2532 sustinuerunt
543 2476 644 2549 atque
662 2465 807 2551 amplius
830 2464 920 2529 horis
937 2472 1095 2547 quattuor
1117 2463 1181 2528 lor·

126 2570 258 2634 tissime
301 2579 530 2654 pugnaverunt
574 2581 608 2635 et
648 2569 764 2654 paucis
803 2566 995 2632 vulneribus
1036 2567 1197 2686 acceptis

96 2671 315 2758 4complures
338 2695 382 2737 ex
404 2672 455 2738 his
478 2673 679 2740 occiderunt.
726 2673 848 2738 Postea
866 2690 1067 2753 veroquam
1089 2671 1181 2754 equi·

126 2789 219 2843 tatus
241 2788 354 2843 noster
377 2778 410 2842 in
432 2789 647 2862 conspectum
670 2777 770 2855 venit,
784 2775 900 2841 hostes
921 2775 1058 2840 abiectis
1080 2776 1181 2839 armis

125 2893 222 2966 terga
236 2891 404 2947 verterunt
421 2901 628 2966 magnusque
644 2901 759 2946 eorum
776 2899 933 2944 numerus
947 2887 1000 2942 est
1013 2879 1151 2944 occisus.

67 3006 108 3060 38
170 2986 295 3052 Caesar
309 2995 445 3069 postero
460 2979 515 3049 die
530 2984 646 3050 Titum
669 2984 858 3049 Labienum
877 2983 1025 3066 legatum
1046 3002 1121 3047 cum
1140 2981 1179 3048 iis
1191 2993 1341 3073 operatium

125 3091 321 3176 legionibus,
337 3109 420 3172 quas
435 3109 480 3152 ex
496 3087 669 3153 Britannia
692 3089 925 3168 reduxeratin
947 3087 1105 3164 Morinos,
1120 3061 1346 3177 qu1{},‡,¹}„,f‘{¹j‚‘{¹

97 3193 338 3260 arebellionem
358 3194 512 3272 fecerant,
528 3193 627 3258 misit.
673 3193 741 3277 Qui
761 3214 837 3259 cum
857 3201 991 3277 propter
1009 3191 1177 3256 siccitates
1189 3191 1308 3258 rumpit.

124 3300 296 3382 paludum,
311 3319 380 3380 quo
394 3317 431 3362 se
446 3298 638 3383 reciperent,
656 3318 724 3362 non
739 3297 909 3372 haberent,
925 3316 993 3379 quo
1007 3295 1177 3377 superiore

63 3479 66 3485 ¹
123 3425 213 3483 anno
243 3403 392 3486 perfugio
423 3401 551 3466 inerant
584 3401 644 3478 usi,
670 3421 788 3466 omnes
817 3401 883 3465 iere
909 3399 943 3462 in
973 3407 1176 3484 potestatem

95 3507 266 3573 aLabieni
297 3515 526 3589 pervenerunt.
586 3505 639 3570 At
673 3504 738 3588 Qu.
749 3503 898 3569 Titurius
932 3511 966 3566 et
1001 3500 1041 3565 L.
1073 3499 1176 3566 Cotta

118 3611 234 3697 legati,
249 3611 306 3694 qui
323 3611 357 3674 in
373 3610 604 3693 Menapiorum
621 3609 703 3674 fines
718 3608 866 3693 legiones
883 3606 1175 3685 duxerantomni·

122 3715 185 3780 bus
209 3735 323 3780 eorum
347 3713 435 3798 agris
464 3714 613 3793 vastatis,
639 3712 816 3776 frumentis
844 3711 989 3789 succisis,
1015 3707 1176 3777 aedificiis

153 3898 200 3945 86.
214 3899 263 3954 ta.
281 3894 459 3951 mutuantis
487 3889 543 3942 The
553 3891 621 3958 eqni
671 3890 823 3956 September

121 3975 179 4018 nox,
198 3958 331 4036 according
349 3965 377 4008 to
398 3957 441 4008 the
460 3957 622 4008 calculatione
705 3961 747 4010 8¹1.
762 3959 812 4016 μ.
830 3957 897 4007 orbs
911 3956 995 4006 noto.
1029 3955 1075 4008 See
1090 3971 1113 4005 v.
1130 3967 1170 4018 33,

121 4025 150 4073 oi
166 4025 202 4074 Le
219 4023 325 4084 Verrier,
342 4021 386 4074 iell
403 4038 436 4073 on
453 4021 497 4074 tbe
516 4021 575 4073 abth
595 4023 626 4074 ol
673 4025 722 4088 63
