2984 4992
328 567 387 628 116
676 573 703 626 c.
729 572 827 625 wan
849 571 1036 624 CAESARIS
1277 568 1338 634 [ss.
1350 581 1382 629 3-

328 738 421 802 cuius
444 757 480 802 se
501 733 668 800 amicitiae
689 736 888 810 devovisset,
911 734 997 798 mori
1020 740 1205 798 recusaret:
1228 751 1305 797 cum
1327 729 1411 794 hist

329 841 543 906 Adiatunnus
564 839 774 922 eruptionem
796 839 905 903 iacere
927 848 1076 917 conatus,
1100 837 1247 902 clamore
1270 837 1315 900 ab
1340 856 1381 900 ea

329 955 425 1028 parte
447 945 637 1009 munitionis
659 943 804 1022 sublato,
824 963 902 1008 cum
923 943 967 1006 ad
988 963 1082 1007 arma
1104 941 1226 1006 milites
1245 957 1380 1005 concur·

330 1050 448 1114 rissent
472 1047 752 1132 vehementerque
774 1049 819 1113 ibi
843 1056 1030 1133 pugnatum
1053 1055 1150 1120 esset,
1173 1043 1326 1128 repulsus
1348 1043 1381 1106 in

329 1153 493 1237 oppidum
512 1162 634 1230 tamen,
650 1151 699 1216 uti
723 1154 841 1218 eadem
861 1151 1039 1217 deditionis
1058 1149 1254 1216 condicione
1273 1156 1382 1212 utere·

329 1267 392 1334 tur,
408 1279 428 1321 a
444 1257 564 1322 Crasso
579 1256 776 1340 impetravit

160 1375 321 1428 Formidrble
374 1361 490 1426 Armis
502 1361 741 1444 obsidibusque
751 1361 897 1444 acceptis
909 1358 1048 1424 Crassus
1060 1359 1092 1423 in
1103 1357 1188 1422 fines
1198 1357 1379 1422 Vocatium
1393 1361 1432 1415 2³

160 1441 295 1574 ffiffifs
331 1472 365 1529 et
387 1465 599 1530 Tarusatium
626 1464 792 1547 profectus
816 1475 878 1529 est.
922 1463 1011 1528 Tum
1032 1484 1112 1528 vero
1134 1462 1267 1528 barbari
1290 1475 1408 1525 com-²

159 1573 319 1624 munder
333 1569 427 1648 moti,
449 1569 539 1653 quod
563 1569 725 1653 oppidum
749 1578 783 1633 et
806 1579 924 1634 natura
945 1567 1009 1632 loci
1032 1576 1067 1631 et
1090 1586 1190 1631 manu
1215 1565 1381 1629 munitum

160 1639 257 1756 lm
269 1705 304 1769 b,
331 1673 445 1756 paucis
462 1672 589 1751 diebus,
604 1673 725 1756 quibus
745 1692 786 1736 eo
800 1683 938 1736 ventum
957 1680 1041 1746 erat,
1057 1679 1287 1754 expugnatum
1303 1688 1381 1750 cog·

161 1772 290 1821 Sem&
331 1785 501 1850 noverant,
527 1775 655 1859 legatos
680 1797 817 1859 quoquo
841 1795 973 1840 versum
1003 1774 1178 1852 dimittere,
1200 1773 1381 1848 coniurare,

330 1879 463 1944 obsides
489 1879 575 1944 inter
600 1901 637 1944 se
663 1881 754 1958 dare,
777 1879 891 1965 copias
919 1899 1037 1964 parare
1061 1886 1252 1960 coeperunt.
1299 1875 1407 1940 Mle-a

329 1992 445 2048 tuntur
458 1983 561 2048 etiarn
580 1984 625 2048 ad
646 2003 702 2049 eas
723 1984 875 2048 civitates
895 1981 1006 2066 legati,
1021 2002 1107 2065 quae
1126 1991 1205 2046 sunt
1223 1979 1381 2045 citerioris

332 2087 519 2169 Hispaniae
540 2086 701 2152 finitimae
719 2087 941 2170 Aquitaniae:
964 2086 1042 2150 inde
1064 2084 1190 2148 auxilia
1212 2084 1382 2166 ducesque

330 2198 548 2256 arcessuntur.
593 2190 746 2273 Quorum
771 2192 918 2256 adventu
942 2209 1161 2274 magnacum
1184 2189 1408 2253 auctoritates

331 2305 365 2360 et
397 2313 519 2378 magna
546 2314 623 2358 curn
657 2293 832 2359 hominum
864 2293 1077 2358 multitudine
1108 2292 1233 2359 bellum
1267 2313 1381 2375 gerere

330 2407 498 2462 conantur.
545 2398 656 2463 Duces
664 2417 742 2462 vero
759 2399 781 2462 ii
795 2397 996 2482 deliguntur,
1008 2397 1066 2478 qui
1081 2417 1148 2460 una
1163 2417 1239 2462 cum
1255 2395 1407 2479 Quint05

332 2501 480 2568 Sertorio
509 2521 625 2566 omnes
656 2522 761 2568 annos
792 2501 922 2567 fuerant
947 2521 1179 2584 summamque
1209 2501 1380 2565 scientiam

331 2607 378 2669 rei
405 2606 557 2670 militaris
582 2604 706 2671 habere
732 2605 1017 2671 existimabantur.
1064 2604 1111 2668 Hi
1141 2603 1408 2669 consuetudine⁶

330 2709 445 2794 populi
462 2709 608 2774 Romani
624 2710 697 2776 loca
718 2729 843 2793 capere,
858 2717 966 2775 castra
986 2708 1124 2787 munire,
1139 2709 1381 2773 commeatibus

165 2827 306 2906 l'eartulot
332 2823 463 2877 nostros
503 2813 721 2878 intercludere
758 2814 944 2878 instituunt.
1003 2812 1105 2897 Quod
1148 2813 1204 2876 ubi
1243 2811 1407 2877 Crassus?

164 2894 292 3008 kffifft
333 2915 568 2980 animadvertit
590 2937 666 2981 suas
684 2919 798 3003 copias
812 2927 950 3002 propter
965 2917 1184 2998 exiguitatem
1200 2935 1267 2980 non
1289 2915 1382 2981 sacile

163 3024 281 3090 supplies.
334 3019 455 3093 diduci,
470 3019 601 3085 hostem
617 3030 652 3085 et
666 3023 780 3106 vagari
801 3032 835 3086 et
852 3022 923 3086 vias
943 3021 1094 3086 obsidere
1114 3029 1149 3083 et
1168 3021 1285 3084 castris
1305 3021 1383 3085 satis

332 3123 487 3210 praesidii
514 3125 705 3208 relinquere,
727 3125 773 3190 ob
802 3146 876 3190 earn
908 3145 1041 3189 oausam
1069 3124 1177 3189 minus
1205 3126 1383 3189 commode

333 3228 534 3293 frumentum
571 3239 864 3313 commeatumque
901 3229 963 3293 sibi
1002 3227 1205 3310 supportari,
1243 3229 1278 3291 in
1315 3229 1383 3292 dies

333 3333 479 3398 hostium
500 3351 675 3396 numerum
695 3333 822 3415 augeri,
836 3353 904 3396 non
925 3333 1149 3398 cunctandum
1170 3331 1383 3404 existimavit,

334 3439 413 3522 quin
439 3457 552 3520 pugna
580 3439 773 3502 decertaret.
818 3436 895 3502 Hac
924 3436 1030 3500 read
1060 3435 1234 3499 consilium
1261 3436 1409 3512 delata,8

367 3667 411 3714 28.
423 3667 436 3722 t
451 3679 472 3714 a.
489 3667 588 3722 psuota
599 3666 834 3725 dtebm,qu1bus,
884 3665 1046 3715 commender
1056 3679 1105 3714 one
1115 3664 1145 3715 oi
1152 3664 1195 3714 the
1206 3663 1277 3714 chief
1285 3682 1337 3716 was
1347 3665 1384 3715 his

335 3733 390 3789 bo,
403 3729 590 3780 ‘withinat'ew
601 3729 662 3794 days
673 3728 752 3782 after!
785 3729 836 3779 For
884 3729 946 3780 ekill
964 3731 991 3780 in
1010 3729 1133 3795 chooaing
1149 3731 1259 3781 mults.
1295 3731 1383 3798 Veget.

333 3793 835 3860 thisidiomcp.iv.18,§1:mom:
884 3796 936 3857 Ly.

335 3859 528 3924 Catanes:
546 3861 599 3912 Cic
611 3861 835 3923 Rosc.Am.§ao,
920 3864 976 3926 57.
1002 3864 1088 3919 Quod
1108 3863 1167 3910 ubl
1208 3861 1276 3910 ‘But
1297 3859 1383 3912 wueu’

335 3927 381 3976 &a
885 3926 1384 3992 Theexpreesiouseemstobeonrpar
1487 3920 1488 3987 Ξ

370 3995 419 4052 55.
437 3993 546 4046 Quinto
564 3993 697 4041 Sertorio.
732 3993 836 4057 Among
884 3992 946 4042 with
957 3993 1041 4059 ‘quod
1059 3990 1097 4055 si,’
1112 3992 1197 4057 ‘quod
1216 3991 1283 4055 nisi:
1299 3991 1383 4058 ‘quod

334 4057 377 4108 the
394 4071 470 4121 many
486 4056 572 4106 merita
591 4056 621 4105 of
633 4055 755 4108 Sertorius
773 4073 802 4108 as
819 4075 835 4108 a
884 4057 926 4110 nt’
